2988 4832
1174 560 1292 631 111

238 698 514 756 amorem
539 683 698 757 boni
723 684 794 756 in
824 688 1110 778 generet
1148 692 1213 756 et
1244 705 1322 755 ea
1345 692 1375 766 ζ
1397 702 1541 777 quae
1576 680 1925 754 necessario
1953 679 2023 753 in
2056 675 2242 754 nobis

238 791 395 862 flunt
418 845 436 872 ,
468 790 936 883 distinguamus
970 794 1053 864 ab
1078 795 1156 865 iis
1176 846 1199 876 ,
1225 814 1371 887 quae
1401 814 1444 863 a
1474 790 1660 863 nohis
1679 791 1845 860 fiunt
1872 788 2097 860 libere.
2226 812 2229 815 ·

316 932 479 1007 Inst.
532 935 601 1008 1⁰
644 932 892 1011 Sentire
939 936 1293 1012 libertatem
1322 941 1548 1021 actas,
1578 941 1739 1010 esset
1772 906 2008 1006 §entire
2036 933 2242 1007 facul-

238 1046 420 1143 tatem
449 1067 585 1116 non
610 1045 842 1139 agendi
882 1071 906 1117 .-
955 1049 1131 1143 atqui
1171 1044 1333 1118 dum
1385 1046 1637 1139 agimus
1659 1093 1680 1126 ,
1720 1064 1855 1115 non
1883 1047 2243 1115 ‘possumus

239 1151 463 1222 sentire
491 1150 857 1224 facultatem
877 1177 1013 1226 non
1040 1150 1315 1249 agendi3
1348 1175 1503 1248 ergo
1510 1202 1645 1225 .....

245 1339 249 1346 -
319 1291 402 1364 R.
443 1292 514 1362 C.
542 1292 709 1381 Maj.
742 1290 831 1362 N.
863 1293 1031 1362 Min.
1062 1290 1389 1363 Senfimus
1417 1295 1617 1374 enim,
1641 1282 1947 1364 talia‘oeso
1973 1292 2235 1369 motiva,

227 1420 373 1491 quae
402 1397 750 1490 potentiam
798 1403 1081 1468 nostram
1123 1395 1207 1468 ad
1251 1406 1467 1469 actum
1514 1400 1978 1495 determinant,
2033 1404 2110 1468 ut
2159 1397 2244 1468 ad

241 1527 381 1576 eum
402 1502 848 1575 invincibiliter
875 1524 1009 1573 non
1041 1503 1299 1575 trahant
1316 1557 1333 1585 ,
1366 1504 1550 1575 sicuti
1576 1529 1643 1577 v,
1685 1531 1754 1599 g.
1789 1504 2244 1577 invincibiliter

239 1612 546 1682 trahimur
560 1610 643 1681 ad
664 1608 1009 1680 nolendam
1032 1617 1314 1681 nostram
1341 1612 1801 1690 infelicitatem.
1837 1610 1986 1683 Uno
2020 1614 2238 1694 verbe,

241 1717 430 1789 talem
455 1717 762 1790 sentimus
786 1717 1153 1789 facultatem
1182 1718 1416 1811 agendi
1434 1772 1452 1799 ,
1487 1741 1622 1791 non
1652 1721 1912 1811 quidem
1938 1721 2010 1790 in
2031 1742 2096 1789 se
2122 1773 2139 1799 ,
2172 1725 2244 1789 ut
2382 1802 2383 1805 Ἴ

241 1825 578 1916 potentiam
595 1824 668 1896 in
687 1823 868 1895 nullo
891 1831 1038 1895 actu
1066 1827 1356 1917 positam,
1385 1822 1496 1896 sed
1518 1826 1775 1919 quando
1795 1833 1889 1897 est
1917 1828 1989 1896 in
2015 1828 2246 1898 actuali

243 1932 526 2004 exercitio
548 1984 567 2014 ,
614 1930 820 2025 qualis
862 1938 992 2013 est,
1035 1934 1272 2003 scilicet
1315 1930 1781 2003 indifferentem
1815 1985 1833 2012 ,
1905 1934 2244 2027 ancipitem

245 2039 620 2134 quandoque
646 2044 713 2113 et
738 2039 821 2108 ad
845 2039 1218 2111 utrumlibet
1243 2037 1345 2111 sui
1374 2038 1974 2112 determinatricem.

316 2181 485 2248 Inst.
518 2177 587 2246 2ο
612 2179 880 2266 Spinoza
902 2176 1013 2268 (1).
1037 2176 1275 2247 Sensus
1301 2177 1566 2244 intimus
1588 2197 1722 2245 non
1746 2180 1950 2269 potest
1977 2173 2245 2268 probare

243 2272 618 2355 libertatem.
649 2277 821 2352 Nam
844 2282 897 2351 si
912 2277 1107 2374 lapidi
1135 2278 1385 2351 cadenti
1404 2272 1990 2352 communicaretur
2018 2285 2244 2374 'cogni-

245 2392 324 2462 tio
358 2397 420 2462 et
443 2396 709 2461 conatus
742 2412 959 2475 versus
982 2395 1220 2460 terram
1254 2386 1515 2460 labendi
1539 2440 1559 2470 ,
1608 2388 1718 2460 hic
1752 2388 1913 2482 lapis
1938 2394 2189 2483 putaret
2220 2443 2239 2472 ,

243 2521 304 2567 sc
331 2519 369 2567 a
401 2499 605 2590 seipso
631 2497 713 2567 ad
732 2493 985 2590 lapsum
1005 2495 1415 2568 determinari
1435 2496 1718 2589 adeoque
1744 2496 1945 2568 libere
1975 2499 2240 2569 caderes

243 2607 409 2697 atqui
437 2612 657 2675 tamen
687 2607 758 2674 in
784 2606 909 2675 hoc
930 2605 1168 2696 judicio
1206 2601 1534 2675 falleretur
1562 2632 1581 2687 ς
1620 2626 1776 2697 ergo
1806 2610 1870 2675 et
1889 2627 2007 2676 nos
2026 2628 2245 2678 sensus
2350 2653 2353 2656 >

242 2712 506 2782 intimus
526 2711 603 2782 de
624 2705 909 2783 libertate
934 2711 1150 2784 fallere
1175 2717 1398 2805 potest.
1424 2708 1502 2782 In
1525 2711 1650 2782 hoc
1679 2712 1857 2782 enim
1882 2708 2016 2782 solo
2037 2709 2245 2784 omnis

242 2818 526 2890 humana
543 2819 795 2891 libertas
814 2819 1091 2904 consistit
1112 2873 1131 2902 ,
1160 2821 1333 2913 quod
1348 2822 1644 2891 homines
1667 2822 1767 2892 sui
1783 2821 2094 2913 appetitus
2120 2822 2246 2891 sint

246 2928 479 2997 conscii
500 2979 519 3008 ,
566 2934 632 2999 et
657 2949 993 2999 causarum
1012 2980 1030 3007 ,
1080 2950 1123 3000 a
1158 2927 1389 3020 quibus
1422 2927 1934 2999 determinantur
1955 2978 1975 3008 ,
2007 2929 2239 3021 ignari.

324 3060 596 3163 Omissis⁸
614 3063 832 3132 multis
864 3062 1149 3133 absurdis
1171 3115 1188 3143 ,
1231 3086 1376 3154 quae
1403 3065 1475 3132 in
1508 3063 1633 3133 hac
1661 3061 1994 3158 hypothesi
2031 3064 2245 3134 conti-

241 3173 509 3245 nentur,
541 3167 776 3260 etq'uae
798 3171 950 3243 alias
968 3173 1110 3262 jam
1140 3171 1407 3242 refutata
1429 3175 1584 3243 sunt
1600 3220 1623 3252 ,
2258 3169 2259 3172 ’

265 3349 269 3353 -
321 3303 406 3374 R.
443 3305 532 3374 N.
572 3306 723 3378 Ant.
756 3306 880 3377 ‘Ad
911 3309 1095 3399 prob.
1143 3310 1230 3377 D.
1264 3309 1430 3397 Maj.
1479 3305 1673 3399 Lapis
1699 3307 1813 3378 iste
1839 3313 2130 3401 putaret,
2177 3330 2247 3377 se

238 3410 438 3481 libere
463 3412 685 3483 cadere
708 3463 730 3494 ,
762 3416 817 3483 si
834 3418 1026 3484 simul
1050 3418 1397 3507 perciperet
1421 3469 1438 3495 ,
1479 3439 1546 3485 se
1574 3419 1862 3487 omittere
1907 3439 2025 3509 pro
2061 3417 2245 3486 libitu

237 3517 497 3607 lapsum
522 3542 742 3610 posse,
792 3524 870 3592 C.
899 3527 1067 3611 Maj.
1115 3523 1353 3605 SecuS,
1402 3526 1493 3596 N.
1523 3529 1689 3615 Maj.
1729 3533 1793 3595 et
1825 3527 1899 3595 C.
1943 3529 2110 3597 Min.
2152 3529 2241 3598 Ν.

243 3626 428 3694 Com.
454 3623 530 3693 In
556 3626 679 3697 hoc
698 3630 878 3714 enim
897 3633 994 3711 vis
1022 3634 1242 3701 sensus
1262 3634 1473 3702 intimi
1491 3634 1702 3724 quoad
1721 3634 2074 3706 libertatem
2099 3657 2249 3704 con-

240 3730 419 3811 sistit,
444 3735 614 3822 quod
634 3739 998 3847 sentiamus,
1034 3741 1167 3811 noh
1196 3741 1405 3813 solum
1432 3792 1451 3823 ,
1483 3762 1601 3814 nos
1624 3742 1706 3814 ad
1727 3742 1973 3816 bonum
1993 3743 2244 3836 aliquod

263 3927 270 3931 ⁴
302 3955 604 4040 (1)'Epistol,
632 3975 741 4028 pag.
769 3955 878 4016 5842
