2988 4832
1266 454 1293 524 1
1308 456 1394 523 95

330 564 702 650 modorum,
738 558 972 666 quibus
990 571 1403 662 pervenimus
1424 568 1509 642 ad
1532 572 1878 665 conceptus
1897 569 2025 642 sive
2042 568 2358 640 sensuales

281 684 294 737 ἔ
326 677 469 750 sivo
501 680 828 772 genericos
851 707 869 762 3
908 701 1061 771 ergo
1070 728 1203 750 .....

290 802 295 840 ³
420 816 614 891 Proh.
644 819 814 888 Min.
861 813 1034 887 Nam
1061 819 1191 885 tota
1222 817 1405 895 ratio,
1445 838 1647 912 quam
1668 816 1802 888 istae
1826 814 2050 887 sormae
2082 812 2360 890 reddunt

332 928 767 1019 conceptuum
801 928 1194 1005 nostrorum,
1232 930 1327 993 est
1363 925 1567 995 fatalis
1593 925 1890 1019 quaedam
1922 927 1986 997 et
2016 923 2360 1016 subjectiva

334 1032 673 1103 necessitas
698 1031 932 1101 animae
955 1031 1049 1101 sic
1078 1032 1480 1124 concipiendi
1510 1059 1528 1101 ε
1558 1033 1736 1125 atqui
1763 1032 2063 1102 haec‘non
2093 1030 2360 1122 explicat

341 1137 613 1212 modum
639 1136 963 1210 formandi
993 1144 1359 1232 conceptus.
1388 1137 1559 1209 Nam
1602 1139 1934 1232 suppositis
1977 1138 2107 1209 istis
2138 1139 2360 1207 formis

319 1245 549 1343 'quivis
578 1268 833 1341 semper
855 1252 1113 1340 rogaret
1148 1253 1210 1317 et
1246 1268 1472 1340 rogare
1488 1249 1637 1339 jure
1667 1251 1875 1340 posset
1902 1271 1920 1315 ε
1946 1267 2144 1337 quare
2179 1264 2359 1314 nunc

334 1352 625 1437 subistis»,
646 1377 829 1426 nunc
846 1354 967 1426 sub
983 1356 1110 1424 illis
1123 1355 1344 1424 formis
1375 1355 1721 1446 concipiat3
1748 1376 1945 1445 quare
1972 1375 2113 1444 mg.
2127 1353 2358 1422 turrim

332 1462 637 1557 aliquam,
665 1464 955 1557 quandiu
975 1484 1121 1531 eam
1143 1462 1335 1542 videt,
1364 1462 1717 1532 necessario
1738 1466 1813 1529 ut
1835 1463 2009 1529 extra
2028 1482 2095 1529 se
2113 1458 2352 1540 videat3

333 1570 623 1643 dolorem
664 1579 884 1643 autem
925 1570 1209 1661 aliquem
1248 1569 1416 1639 intra
1460 1593 1527 1638 se
1574 1569 1916 1661 percipiat;
1966 1589 2163 1659 quare
2202 1566 2357 1637 huic

333 1679 582 1774 objecto
629 1680 1107 1771 contingentem
1123 1727 1142 1759 .
1195 1677 1378 1747 alteri
1420 1699 1575 1748 vero
1620 1676 2040 1746 necessariam
2075 1675 2358 1746 existen-

331 1790 490 1858 tiam
532 1787 804 1870 tribuat3
850 1787 978 1856 hoc
1014 1791 1090 1855 ut
1115 1807 1347 1865 unum,
1398 1784 1563 1853 illud
1587 1789 1661 1853 ut
1702 1783 1891 1876 plura
1926 1783 2260 1876 concipiat,
2293 1791 2357 1855 et

330 1893 702 1987 hujusmodi
744 1894 869 1963 alia
897 1892 1119 1985 :atqui
1156 1893 1241 1963 ad
1277 1893 1405 1962 hoc
1433 1894 1615 1983 juxta
1645 1898 1922 1983 systema
1954 1889 2174 1962 Kantii
2209 1915 2359 1963 res-

330 2002 602 2095 ponderi
621 2001 787 2071 nihil
807 2006 1031 2094 potest,
1060 2000 1184 2070 nisi
1203 1999 1417 2070 adesse
1440 2001 1513 2070 in
1534 2006 1752 2069 mente
1777 2021 2009 2091 vagam
2028 2001 2356 2093 quandam

328 2111 424 2179 sic
444 2109 841 2203 concipiendi
865 2109 1320 2192 necessitatem,
1348 2130 1515 2183 auae.
1542 2107 1717 2181 unde
1736 2114 1800 2179 et
1824 2131 2022 2202 quare
2044 2110 2145 2191 sit,
2172 2108 2356 2202 igno-

325 2223 555 2309 retum
591 2239 748 2310 ergo
755 2267 891 2291 .....

418 2336 492 2406 2⁰
534 2332 706 2406 Illud
741 2330 1160 2428 rejiciendum
1199 2341 1313 2414 est,
1350 2328 1523 2430 quod
1559 2333 1723 2405 tollit
1752 2333 2134 2431 objeotlvam
2154 2335 2351 2407 reali-

323 2449 529 2514 tatem
567 2440 858 2516 idearum
906 2448 972 2513 et
1012 2442 1188 2512 ducit
1225 2441 1310 2513 ad
1354 2439 1875 2535 scepticismum·
1902 2444 2080 2534 atqui
2126 2443 2352 2514 formae

326 2550 465 2622 istae
497 2549 570 2619 in
598 2573 788 2622 sensu
828 2548 1046 2622 Kantii
1079 2548 1314 2618 tollunt
1355 2549 1732 2642 objectivam
1775 2550 2128 2622 realitatem
2166 2548 2360 2648 idea-¹

321 2678 484 2731 rum
511 2664 577 2732 et
603 2657 850 2730 ducunt
879 2658 963 2730 ad
995 2656 1505 2752 scepticismum3
1538 2682 1747 2751 ergo,

414 2784 611 2858 Proh.
646 2786 820 2858 Min.
865 2781 1036 2856 Nam
1067 2784 1284 2855 anima
1321 2784 1646 2855 evidenter
1674 2712 1980 2878 pei-cipit:
2015 2785 2191 2856 unde
2212 2786 2344 2855 ita.

322 2888 428 2976 ld,
473 2891 647 2984 quod
682 2892 901 2962 anima
935 2891 1222 2983 percipit,
1263 2896 1356 2961 est
1398 2893 1681 2980 aliquid3
1711 2914 1867 2962 cum
1907 2895 2073 2960 nihil
2111 2895 2352 2984 percipi

328 3022 470 3072 non
493 2999 729 3094 possit.
755 3000 932 3092 atqui
957 3000 1174 3070 anima
1200 2999 1464 3090 percipit
1490 3020 1558 3067 se
1583 3020 1719 3070 non
1743 3020 1881 3070 esse
1925 3020 2048 3067 nec
2080 3000 2349 3096 omnino
2453 3062 2461 3069 .

200 3147 213 3165 ·
327 3128 469 3204 csse
516 3129 696 3199 posse
742 3106 1053 3178 unitatem
1103 3105 1209 3191 vel
1257 3105 1626 3176 totalitatem
1680 3104 2303 3175 transcendentalem
2324 3158 2343 3187 ‚

329 3213 804 3310 possibilitatem
832 3214 936 3283 vel
959 3213 1395 3283 necessitatem
1425 3209 1782 3282 absolutam
1811 3221 1962 3297 etc.;
1988 3235 2164 3307 erge,
2197 3237 2352 3294 cum

328 3318 453 3391 ista
482 3326 701 3390 tamen
728 3322 1052 3419 percipiat,
1091 3344 1209 3388 esse
1244 3319 1559 3389 totalitatis
1598 3326 1663 3389 et
1698 3321 1979 3402 unitatis,
2028 3320 2352 3416 possibili-

283 3508 287 3511 ,
330 3430 476 3498 tatis
504 3432 567 3500 et
591 3430 975 3499 necessitatis
997 3429 1300 3499 absolutae
1325 3432 1559 3497 estesse
1586 3426 1953 3497 distinctum
1982 3429 2063 3497 ab
2092 3430 2343 3500 anima:

330 3536 511 3628 atqui
544 3538 727 3628 juxta
771 3535 1087 3609 Kantium
1133 3561 1250 3607 esse
1291 3537 1557 3607 istarum
1605 3537 1966 3610 formarum
2007 3535 2349 3614 theoretice

330 3645 497 3716 scire
527 3649 664 3715 non
707 3647 1068 3740 possumus.
1108 3666 1195 3715 an
1236 3641 1318 3716 sit
1353 3642 1511 3737 quid
1549 3642 1633 3713 ab
1667 3643 1892 3716 anima
1928 3640 2298 3715 distinctum
2323 3696 2341 3726 ,

329 3752 441 3824 vel
484 3774 573 3824 an
619 3755 891 3827 omnino
934 3752 1180 3845 aliquid
1223 3754 1342 3834 sit;
1388 3773 1544 3845 ergo
1590 3754 1814 3823 sormae
1860 3752 1997 3824 istm
2038 3754 2113 3827 in
2152 3773 2345 3834 sensu

332 3854 550 3936 Kantii
579 3860 810 3936 tollunt
846 3860 1225 3959 objectivam
1251 3861 1600 3942 realitatem
1627 3859 1939 3934 idearum.
