2988 4832
721 625 887 682 ‘rum
912 605 934 691 ,’
966 619 1027 681 et
1056 609 1441 708 principium
1482 612 1731 689 bonum
1773 618 2136 715 aliquorum
2193 621 2523 697 malorum
2556 642 2724 700 causa

737 723 960 791 saltem
980 727 1347 816 permissiva
1371 736 1532 799 esset
1563 751 1582 794 t
1617 732 1794 823 atqui
1819 731 1886 803 id
1920 755 1998 803 ex
2029 734 2364 827 hypothesi
2394 742 2491 806 est
2522 742 2726 809 contra

736 836 1033 900 naturam
1057 839 1121 902 et
1145 838 1479 908 essentiam
1506 839 1836 933 utriusque
1859 843 2155 935 principii
2179 895 2197 923 ‚
2240 845 2524 937 adeoque
2567 848 2727 940 prin·

717 938 1239 1030 <apium-bonum
1254 954 1568 1016 non'esset
1589 955 1950 1019 constanter
1973 950 2224 1021 bonum
2256 980 2274 1035 3
2310 951 2467 1046 ergo
2474 1004 2611 1026 .....
2657 954 2726 1024 Et

731 1063 886 1116 vero
906 1048 1011 1118 vel
1028 1051 1412 1146 principium
1430 1054 1681 1144 bonum
1700 1057 1938 1150 absque
1968 1058 2098 1128 hoc
2137 1059 2373 1129 foedere
2399 1064 2609 1152 potuit
2631 1085 2724 1132 re—

711 1154 951 1224 sistere
974 1159 1288 1252 principio
1313 1161 1486 1233 malo
1515 1167 1610 1233 vel
1629 1188 1776 1236 non.
1816 1167 1893 1235 si
1910 1168 2118 1258 potuit
2135 1218 2156 1247 ,
2199 1174 2265 1235 et
2292 1169 2494 1237 noluit
2508 1222 2526 1249 ,
2563 1173 2725 1261 juxta

731 1256 1027 1350 Baylium
1044 1264 1254 1357 ipsum
1275 1291 1409 1340 non
1430 1278 1524 1340 est
1549 1295 1801 1343 summe
1820 1274 2070 1345 bonum
2090 1304 2107 1357 3
2137 1279 2194 1343 si
2213 1280 2409 1346 voluit
2431 1330 2452 1359 ,
2470 1280 2604 1349 ‘sed
2619 1302 2727 1348 non

730 1372 910 1437 scivit
927 1393 1110 1451 „non
1128 1381 1223 1444 est
1242 1399 1498 1448 summe
1518 1382 1765 1473 sapiens
1788 1411 1807 1465 3
1851 1384 1906 1452 si
1932 1390 2011 1453 et·
2029 1386 2225 1451 voluit
2255 1390 2320 1454 et
2364 1389 2552 1454 scivit
2576 1440 2594 1468 ‚
2634 1388 2726 1455 sed

730 1497 853 1542 non
870 1482 1077 1567 potuit
1096 1533 1114 1561 ,
1159 1505 1292 1553 non
1331 1494 1424 1553 est
1464 1510 1719 1559 summe
1755 1497 1979 1583 potens
2007 1519 2026 1573 3
2067 1514 2225 1584 ergo
2262 1501 2556 1563 remanet
2602 1500 2717 1564 tota

706 1569 715 1669 ’ἢ
730 1579 1062 1655 difficultas
1081 1640 1099 1668 ‚
1136 1590 1221 1658 ob
1244 1614 1441 1684 quam
1471 1595 1601 1665 duo
1622 1599 1931 1692 principia
1953 1608 2364 1671 assumuntur
2386 1655 2403 1683 ‚
2449 1603 2721 1695 adeoque

727 1688 869 1759 haec
890 1698 954 1761 et
972 1694 1308 1770 intrinsece
1330 1707 1395 1770 et
1417 1706 1770 1815 extrincece·
1791 1715 2175 1800 repugnant.
2215 1708 2390 1802 Ergo

820 1852 1003 1925 Unus
1020 1865 1114 1927 est
1132 1858 1305 1932 Deus
1324 1913 1347 1942 ,
1371 1868 1485 1954 qui
1501 1872 1602 1938 est
1630 1867 1847 1958 aliqua
1871 1870 2030 1938 ratio
2052 1856 2350 1976 omnium
2384 1874 2718 1945 malorum.

729 1955 898 2029 Nam

816 2143 1560 2240 123'.PR0P.111.3N01‹
1595 2179 1911 2229 unrocum
1932 2212 1949 2239 ,
1998 2184 2106 2233 sun
2152 2184 2273 2231 nno
2317 2184 2436 2231 uno
2459 2214 2476 2242 ,
2526 2183 2716 2234 suum

721 2273 882 2325 nono
897 2306 921 2338 ,
958 2279 1245 2331 msmm
1268 2284 1437 2362 mu
1459 2287 1522 2337 m
1544 2289 1782 2339 nunno,

807 2407 1005 2514 Proh}
1042 2446 1276 2519 Omnia
1302 2455 1473 2523 mala
1501 2459 1732 2527 mundi
1756 2460 1837 2528 ad
1864 2462 2179 2554 triplicem
2209 2469 2479 2541 classem
2504 2470 2721 2541 'referri

718 2557 981 2640 possunt
1019 2580 1050 2634 ς,
1079 2557 1161 2623 ad
1198 2563 1368 2627 mala
1387 2565 1793 2654 metaphysica
1807 2620 1826 2646 ,
1863 2593 2006 2661 quae
2031 2577 2384 2646 consistunt
2403 2581 2474 2647 in
2501 2581 2722 2650 finitu-

705 2654 865 2743 fdine
880 2659 1129 2728 entibus
1148 2663 1339 2732 finitis
1360 2671 1616 2760 propria
1639 2722 1656 2750 ,
1692 2680 1754 2740 et
1775 2675 1930 2745 hinc
1961 2681 2151 2748 etiam
2170 2684 2342 2753 mala
2371 2689 2721 2754 essentialia

717 2784 831 2830 seu
854 2768 1022 2834 mala
1039 2781 1296 2839 'natura’
1318 2782 1666 2847 vocantur:
1701 2783 1789 2848 ad
1819 2788 1988 2853 mala
2000 2789 2291 2877 physzca,
2325 2815 2472 2883 quae
2510 2817 2589 2864 ex
2623 2795 2721 2863 le-

716 2871 902 2962 gibus
911 2874 1185 2966 physicis
1209 2881 1503 2953 oriuntur
1523 2935 1546 2964 ‚
1586 2888 1681 2956 uti
1706 2889 2064 2980 ignorantia
2086 2947 2104 2976 ,
2135 2897 2383 2969 dolores
2401 2953 2419 2981 ‚
2465 2903 2714 2980 morbi,

705 3462 717 3473 ’
791 3460 851 3533 1.
887 3467 1143 3540 Malum
1167 3477 1657 3567 metaphysicam.
1706 3481 1876 3556 Nam
1913 3492 2162 3563 malum
2205 3495 2715 3589 metaphysicum

701 3573 985 3645 consistit
1003 3577 1309 3684 intrerum
1359 3593 1715 3660 creatarum
1767 3594 2140 3670 limitatione
2180 3627 2201 3674 3
2248 3607 2430 3698 atqui
2475 3607 2602 3677 hoc
2647 3610 2717 3679 in

698 3681 931 3754 creatis
952 3691 1043 3752 est
1064 3686 1345 3760 absolute
1368 3700 1796 3770 necessarium
1823 3730 1842 3786 3
1886 3713 2171 3778 creatum
2199 3713 2376 3804 enim
2406 3718 2468 3783 et
2494 3714 2710 3784 illimi-

699 3790 908 3861 tatum
942 3793 1065 3864 sibi
1114 3800 1593 3874 contradictorie
1627 3819 2079 3901 opponuntur3
2117 3840 2272 3910 ergo
2318 3819 2491 3891 Deus
2517 3823 2714 3891 illaesa

700 3891 978 3970 bonitate
998 3905 1117 3975 sua
1145 3909 1238 3975 vel
1253 3909 1426 4011 ¹nihil
1450 3933 1663 3991 creare
1686 3922 1780 3992 vel
1801 3923 2050 3997 malum
2076 3927 2583 4017 metaphysicutn
2606 3927 2710 4003 ad·
