2988 4832
411 634 553 709 tale,
587 640 634 700 i.
659 652 720 700 e.
764 651 885 702 ens
905 630 1047 701 talis
1073 630 1325 711 coloris.
1352 631 1754 712 extensionis,
1791 633 2042 726 figuras,
2065 656 2304 735 sapons
2323 628 2428 707 vel
2535 701 2539 706 .

411 737 641 818 odoris,
681 739 905 808 talium
933 741 1201 811 demum
1228 740 1728 833 proprietatum3
1764 742 2001 830 paucis,
2030 766 2132 810 m
2151 766 2290 812 eun
2307 746 2429 811 ad·-

302 934 310 950 .
407 847 564 930 ἀίω,
596 866 712 919 seu
739 868 860 918 ens
887 868 1004 939 per
1032 852 1244 919 varios
1281 847 1517 916 limites
1546 850 1612 915 et
1638 852 1821 915 notas
1857 850 2061 919 varias
2098 870 2255 920 eum
2291 853 2433 920 aliis

404 976 577 1048 saepe
625 954 1138 1048 incompatibiles
1188 955 1272 1026 ad
1326 955 1813 1025 determinatam
1867 956 2432 1028 individualitatem

361 1130 375 1151 ,,
407 1065 791 1136 restrictum.
826 1061 1019 1135 Unde
1043 1066 1133 1134 ita
1160 1086 1189 1146 z,

362 1156 379 1253 ’ἕ
496 1218 819 1311 Qumqma
840 1244 957 1314 per
986 1240 1209 1292 sensus
1218 1188 1605 1314 percipitur,
1631 1200 1726 1290 est
1745 1179 2000 1290 broialo
2013 1241 2038 1289 .·
2063 1214 2238 1313 atqui
2253 1220 2432 1313 prius

403 1333 502 1397 est
531 1329 776 1421 percipi
808 1353 911 1397 ens
946 1351 1057 1400 seu
1085 1354 1203 1398 esse
1226 1331 1606 1420 simpliciter,
1640 1348 1840 1420 quam
1867 1353 1970 1397 ens
1994 1349 2106 1399 seu
2134 1352 2255 1400 esse
2281 1331 2426 1399 tale.

403 1431 575 1505 Nam
614 1457 809 1506 omne
848 1461 952 1506 ens
987 1439 1111 1507 tale
1142 1444 1235 1507 e'st
1273 1440 1395 1507 tale
1421 1459 1541 1530 per
1565 1435 1841 1505 limitem
1868 1437 2152 1527 aliquem
2181 1441 2248 1507 et
2274 1434 2434 1506 hinc

399 1563 522 1634 per
556 1544 986 1635 negationem,
1023 1550 1337 1635 quatenus
1378 1540 1657 1615 excludit
1684 1540 1945 1634 aliquod
1973 1566 2090 1610 esse
2120 1562 2233 1613 seu
2255 1536 2434 1634 qua-

401 1655 590 1720 tenus
623 1674 776 1721 cum
809 1675 928 1721 esse
957 1652 1153 1722 simul
1172 1650 1442 1723 involvit
1466 1674 1743 1720 non-esse
1763 1675 1786 1719 .·
1806 1649 1984 1739 atqui
2008 1649 2148 1722 idea
2170 1652 2433 1742 positiva

403 1758 706 1850 praecedit
733 1758 944 1830 ideam
969 1759 1071 1829 sui
1100 1759 1485 1851 negativam,
1527 1778 1653 1829 nec
1676 1755 2032 1849 quidquam
2062 1758 2434 1850 negativum

400 1865 659 1958 concipi
689 1866 892 1958 potest
921 1888 1058 1937 non
1089 1871 1533 1959 praeconcepto
1562 1864 1825 1957 positivo
1840 1917 1857 1946 ,
1891 1865 2073 1957 cujus
2104 1868 2199 1936 est
2226 1887 2434 1957 nega-

399 1975 611 2043 tivum
636 2003 654 2018 ·
636 1986 856 2067 ,ergo
897 1972 1041 2046 idea
1082 1990 1182 2043 τοῦ
1224 1997 1345 2043 esse
1388 1971 1492 2042 vel
1538 1974 1697 2041 entis
1735 1972 2096 2064 simpliciter
2135 1971 2435 2063 praecedit

401 2077 672 2152 ideamr
642 2100 738 2151 τοῦ
775 2106 896 2151 osse
920 2080 1212 2153 velentis
1243 2082 1438 2151 talis:
1460 2081 1638 2173 atqui
1677 2077 1842 2161 idea,
1871 2101 2017 2171 quae
2037 2079 2339 2173 praecedit
2369 2084 2434 2148 et

398 2188 874 2283 praerequiritur
896 2189 980 2259 ad
1005 2187 1289 2261 ideameo
1294 2209 1468 2260 nesse
1493 2188 1602 2258 vel
1627 2188 1783 2257 emis
1799 2189 1971 2268 talis,
2000 2209 2079 2258 ex
2100 2185 2225 2257 hac
2249 2186 2433 2256 nullo

396 2296 598 2365 modo
641 2294 830 2367 educi
863 2301 1113 2389 potest;
1147 2317 1303 2390 ergo
1339 2296 1481 2367 idea
1518 2313 1615 2366 τοῦ
1642 2319 1762 2366 esso
1792 2296 2185 2388 simpliciter
2177 2317 2299 2366 nec
2324 2318 2431 2364 re-

398 2412 578 2476 mote
609 2427 650 2474 a
699 2403 991 2476 sensibus
1027 2402 1303 2476 derivari
1339 2408 1566 2499 potest.
1613 2401 1746 2478 Sed
1788 2423 2002 2499 neque
2034 2424 2078 2476 a
2118 2401 2425 2484 sensibus,

396 2532 488 2585 ne
523 2518 771 2589 remote
798 2511 1084 2596 Quidem,
1114 2511 1389 2591 derivari
1414 2521 1680 2589 nossunt

500 2678 574 2745 2·
614 2676 781 2747 Ideae
819 2680 957 2749 veri
996 2677 1103 2750 vel
1138 2680 1399 2772 pulchri
1429 2687 1494 2752 et
1533 2681 1788 2753 honesti
1824 2681 2246 2771 omniumque
2280 2702 2432 2771 per-

392 2785 760 2857 lectionum
791 2787 1206 2868 simplicium.
1232 2787 1409 2862 Nam

488 2941 551 3031 a)
604 2939 926 3035 Quidquid
968 2966 1087 3036 per
1127 2967 1351 3015 sensus
1387 2948 1523 3016 veri
1568 2945 1673 3015 vel
1713 2943 1993 3038 pulchri,
2039 2963 2287 3035 sapiens
2320 2965 2423 3023 aut

378 3047 639 3128 justum
678 3050 1040 3141 percipitur,
1087 3051 1432 3143 percipitur
1466 3055 1596 3144 quii
1628 3074 1882 3130 verum,
1925 3050 2297 3144 pulchrum,
2330 3074 2432 3122 sa-

387 3158 577 3251 piens
615 3156 722 3227 vel
748 3159 995 3250 justum
1020 3159 1145 3229 tale
1172 3188 1190 3241 ς
1225 3182 1378 3252 ergo
1417 3162 1852 3255 praesupponit
1882 3158 2091 3230 ideam
2123 3157 2420 3239 veritatis,

386 3261 903 3356 pulchritudinis,
939 3268 1278 3360 sapientiae,
1321 3270 1425 3338 vel
1445 3271 1702 3360 justitiae
1730 3266 2095 3359 simpliciter
2125 3271 2423 3356 sumptae.

386 3363 491 3442 Et
506 3394 658 3443 vero
682 3375 844 3444 sicut
874 3375 1073 3445 ideae
1043 3397 1138 3447 τοῦ
1167 3397 1283 3444 esse
1306 3378 1454 3446 talis
1479 3383 1573 3446 est
1595 3381 1909 3469 negativa,
1938 3371 2089 3465 quia
2110 3392 2245 3445 non
2276 3404 2432 3452 con-

387 3477 556 3546 tinet
585 3499 783 3551 omne
822 3503 981 3561 essu
1011 3483 1103 3550 sic
1136 3482 1277 3551 idea
1312 3485 1449 3554 veri
1482 3484 1591 3554 vel
1616 3486 1874 3579 pulchri
1908 3492 2058 3558 talis
2098 3495 2194 3563 est
2231 3513 2437 3585 nega-

387 3584 545 3668 tiva,
572 3589 723 3679 quia
750 3610 888 3660 non
914 3590 1200 3660 continet
1223 3613 1419 3662 omne
1440 3614 1671 3664 verum
1705 3585 1810 3664 vel
1837 3596 2233 3719 pulchrum3
2271 3623 2428 3692 ergo
2457 3626 2465 3632 ·

388 3709 522 3764 nec
545 3696 794 3788 concipi
819 3703 1023 3791 potest
1058 3718 1198 3770 non
1234 3704 1678 3793 praeconcepta
1712 3703 1856 3772 idea
1877 3705 2015 3773 veri
2040 3705 2148 3775 vel
2183 3705 2435 3798 pulchri

411 3800 827 3988 simgcitei*
808 3858 830 3894 ,
879 3827 1049 3903 crgo
1086 3828 1210 3902 nec
1253 3808 1396 3888 haec
1445 3810 1528 3886 ab
1576 3809 1688 3887 illa
1732 3809 1867 3885 ullo
1918 3811 2112 3960 modo
2167 3812 2432 3886 derivari

440 3930 485 3989 o
