2988 4832
1321 558 1336 571 ,
1603 504 1630 570 1
2474 520 2479 525 ·

751 602 909 691 Iasi.
944 616 1014 692 3·
1056 597 1297 689 Saltem
1329 618 1543 686 anima
1572 502 2243 711 in3ciivers'is-iiiartib1is‘
2272 612 2548 714 coi‘poris
2580 615 2676 693 'di-

662 749 845 800 versa
872 731 1206 821 operatum
1246 742 1398 819 ergo
1428 733 1682 797 extensa
1707 730 1800 797 est
1829 730 1891 796 et
1918 731 2126 817 partes
2152 725 2369 799 habet.
2690 780 2694 785 .

746 864 828 935 R.
877 865 957 934 C.
1010 867 1161 934 Ant.
1200 868 1289 936 N.
1328 855 1513 936 Cons.⁴
1555 864 1654 936 Ex
1696 864 2092 937 antecedenti
2121 862 2299 936 enim
2330 864 2519 958 plane
2548 880 2675 958 ope

663 974 940 1065 positum
974 976 1278 1066 sequitura
1317 973 1562 1045 Eadem
1590 992 1825 1066 nempe
1861 973 2255 1046 indivisibilis
2286 975 2504 1044 anima
2543 979 2663 1052 est,

523 1137 528 1143 .
662 1102 808 1171 quae
829 1103 947 1172 per
967 1083 1186 1151 oculos
1204 1082 1395 1162 videt,
1423 1105 1541 1173 per
1567 1098 1753 1151 aures
1768 1080 1945 1153 audit
1969 1085 2120 1162 ete.;
2143 1085 2207 1152 et
2223 1078 2421 1165 sialia
2437 1080 2672 1148 animae

660 1208 810 1278 pars
833 1187 1074 1259 colores
1100 1188 1363 1268 videret,
1397 1190 1522 1259 alia
1556 1206 1744 1259 sonos
1766 1187 2011 1259 audiret
2034 1192 2183 1268 etc„
2203 1186 2341 1277 jam
2366 1184 2465 1278 (ex
2482 1185 2667 1279 prob.

656 1294 865 1386 allata)
895 1294 1278 1387 impossibile
1305 1302 1463 1367 esset
1489 1296 1773 1366 colorem
1814 1301 1880 1366 et
1909 1315 2153 1401 'sonum
2178 1294 2346 1363 inter
2385 1312 2455 1364 se
2491 1315 2671 1365 com-

657 1423 881 1493 parare
912 1413 977 1471 et
1000 1426 1114 1494 per
1135 1406 1451 1495 J’udicium
1473 1404 1680 1474 latum
1701 1403 1784 1474 ab
1811 1403 2090 1473 invicem
2111 1401 2493 1471 discernere.

745 1538 917 1611 OBJ.
942 1538 1039 1631 *4⁰
1087 1538 1407 1632 Quidquid
1448 1546 1717 1633 augetur
1747 1539 1854 1609 vel
1893 1539 2229 1617 minuitur,
2273 1540 2368 1605 est
2406 1556 2671 1630 compo-¹

652 1647 847 1718 situm
889 1674 906 1716 ε
948 1647 1124 1739 atqui
1168 1649 1357 1717 variae
1403 1648 1761 1717 affectiones
1806 1647 2069 1726 animae,
2113 1646 2210 1713 uti
2248 1643 2450 1725 dolor,
2499 1662 2673 1738 gau—-

653 1753 834 1823 dium
864 1757 986 1823 etc.
1022 1763 1339 1846 augentur
1380 1760 1442 1823 et
1475 1756 1901 1836 minuuntur3
1943 1772 2098 1844 ergo
2129 1756 2280 1821 sunt
2311 1753 2673 1844 compositas

650 1861 802 1953 ipsae
831 1862 1111 1954 adeoque
1139 1869 1203 1931 et
1231 1876 1454 1943 earum
1481 1862 1892 1955 principium.

738 2008 821 2081 R.
875 2014 952 2081 D.
994 2002 1163 2101 Mas.
1213 2008 1535 2103 Quidquid
1565 2018 1833 2105 augetur
1857 2010 1964 2082 vel
1991 2012 2305 2084 minuitur
2325 2010 2525 2104 *quoad
2550 2036 2670 2081 εω-

654 2120 999 2200 tensionem,
1052 2124 1146 2189 est
1190 2120 1633 2211 compositum,
1694 2121 1769 2188 G.
1814 2120 1982 2208 Maj.
2034 2118 2355 2213 Quidquid
2397 2126 2668 2212 augetur

651 2225 756 2292 vel
812 2227 1127 2295 minuitur
1188 2230 1387 2318 quoad
1431 2229 1824 2297 intensionem
1879 2250 1992 2298 seu
2047 2229 2175 2296 vim
2227 2229 2656 2305 intrinsecam,

647 2332 735 2400 N.
772 2335 939 2423 Maj.
974 2337 1038 2402 et
1072 2335 1159 2404 D.
1202 2337 1371 2405 Min.
1399 2334 1800 2424 *Affectiones
1836 2335 2070 2405 animae
2110 2319 2428 2427 augentur
2465 2332 2669 2423 quoad

648 2444 1070 2522 centensium,
1111 2445 1201 2513 N.
1244 2447 1413 2515 Min.
1459 2446 1678 2526 Quoad
1710 2447 2106 2514 intensionem
2135 2451 2249 2513 se'u
2273 2444 2400 2510 vim
2424 2442 2669 2509 intrin-

647 2565 859 2631 secam,
897 2553 973 2621 C.
999 2553 1170 2625 Min.
1201 2557 1264 2620 et
1289 2554 1378 2621 N.
1411 2553 1590 2620 Cone.
1618 2549 1708 2621 Ut
1726 2551 1903 2622 enim
1928 2550 2452 2643 compositionem
2470 2546 2687 2616 affec-

647 2657 899 2728 tionum
940 2663 1174 2728 animm
1218 2659 1513 2751 probent,
1559 2681 1696 2729 non
1736 2661 1967 2730 sufficit
2002 2658 2296 2752 probare,
2341 2658 2494 2727 alias
2528 2653 2675 2724 aliis

646 2787 780 2834 esse
820 2765 1175 2844 vividiores,
1225 2766 1335 2835 sed
1379 2766 1650 2858 probare
1688 2788 1943 2838 necesse
1986 2772 2166 2846 esset,
2208 2787 2315 2835 eas
2344 2765 2417 2834 in
2455 2767 2673 2855 partes

648 2870 842 2942 dividi
886 2895 1088 2964 posse.
1138 2867 1339 2942 Porro
1378 2871 1431 2943 si
1471 2874 1630 2943 varii
1668 2873 1931 2967 gradus,
1977 2895 2046 2944 v·
2093 2894 2162 2965 g.
2204 2870 2467 2949 do‘loriS,
2509 2872 2675 2937 tan-

646 3002 845 3072 quam
874 2979 1166 3072 partiales
1208 2980 1457 3051 dolores
1503 2982 1833 3073 compositi
1869 2977 2224 3050 materiales
2252 2975 2672 3047 consideren-

623 3093 756 3157 'tur
790 3088 946 3168 ‚tam
972 3087 1235 3179 exiguus
1269 3094 1427 3159 esset
1448 3088 1628 3160 dolor
1652 3091 1725 3160 in
1758 3088 2023 3182 singulis
2050 3084 2333 3180 partibus
2353 3083 2663 3161 materiae,

646 3201 720 3265 ut
775 3195 1170 3265 levissimum
1230 3219 1305 3267 ac
1364 3219 1531 3290 pene
1597 3198 1855 3267 nullum
1915 3197 2014 3265 sui
2074 3215 2335 3264 sensum
2388 3192 2623 3261 faceret
2644 3242 2659 3268 ,

642 3301 927 3395 adeoque
974 3303 1139 3374 nihil
1182 3310 1343 3375 esset
1381 3305 1457 3375 in
1499 3303 1712 3389 nobis,
1761 3295 1934 3397 quod
1973 3303 2398 3375 intensitatcm
2430 3297 2668 3368 doloris

640 3411 923 3481 sentiret.

734 3550 896 3618 Inst.
924 3547 1183 3622 Animae
1227 3551 1590 3622 affectiones
1629 3551 1821 3622 etiam
1869 3551 2070 3642 quoad
2105 3547 2506 3622 extensionem
2530 3572 2663 3621 au-

637 3663 876 3751 gentur
904 3664 967 3728 et
986 3660 1394 3730 minuuntur.
1443 3658 1618 3730 Nam
1658 3664 1826 3731 certe
1863 3660 2158 3730 homines
2202 3659 2308 3730 alii
2354 3660 2489 3730 aliis
2514 3658 2663 3752 plus

637 3767 921 3859 cogitant.
965 3795 983 3840 z
1018 3769 1195 3860 atqui
1221 3767 1336 3837 ubi
1357 3768 1544 3837 datur
1577 3769 1723 3861 plus
1744 3821 1762 3851 ,
1796 3768 2029 3840 dantur
2058 3774 2265 3863 partes
2300 3797 2318 3854 ;
2360 3790 2514 3860 ergo
2522 3818 2653 3837 .....

724 3912 811 3992 R.
843 3916 934 3992 Ν.
964 3916 1109 3993 Ass.
1143 3915 1248 3992 Ad
1274 3915 1460 4012 prob.
1493 3918 1580 3992 D.
1610 3918 1778 4004 Μαί.
1803 3914 2112 4016 Homines
2148 3915 2257 3994 am
2288 3913 2424 3990 aliis
2459 3912 2609 4005 plus
2633 3960 2653 3990 2
