2988 4832
394 620 527 676 non
555 604 784 677 habeat
827 590 1141 678 rationem
1182 606 1378 678 medii
1392 659 1411 687 .
1453 605 1577 675 nisi
1607 605 2027 698 aptitudinem
2050 606 2124 675 in
2167 626 2233 677 se
2274 619 2391 677 md

393 711 602 783 cludat
639 714 722 784 ad
763 715 866 785 sui
903 715 1050 784 finis
1093 713 1607 785 consecutionem
1620 763 1641 794 ‚
1690 711 1866 784 Deus
1912 734 2055 783 rem
2100 714 2390 805 quamvis

392 822 738 890 necessario
789 826 958 891 creat
1014 827 1227 913 aptam
1255 872 1274 900 ‚
1320 821 1370 890 i.
1415 841 1479 889 e.
1529 820 1873 889 intrinseca
1912 820 2033 888 sua
2077 820 2395 888 constitu-

392 926 562 995 tione
582 928 980 1006 tendentem,
1012 928 1112 996 ad.
1126 949 1317 997 snum
1341 927 1572 1007 finem,
1598 931 1673 995 ut
1699 927 1858 996 adeo
1879 926 2057 1004 finis,
2089 926 2173 994 ad
2194 947 2393 1017 quem

394 1032 685 1112 tendere,
732 1054 878 1112 seu,
915 1034 1089 1125 quod
1120 1035 1291 1104 idem
1331 1041 1454 1112 est,
1503 1033 1638 1114 lex,
1696 1055 1896 1127 quam
1936 1033 2116 1124 sequi
2164 1031 2385 1113 debet,

395 1137 480 1310 8ἰὲ
495 1140 590 1206 rei
617 1140 816 1209 cuivis
842 1140 1268 1209 connaturalis
1284 1147 1358 1209 et
1387 1140 1584 1230 ipsius
1609 1140 1893 1209 essentiae
1918 1141 2147 1209 intima
2169 1141 2392 1250 relatio

398 1263 437 1310 a
503 1244 730 1314 finem.

394 1394 403 1403 '
481 1381 653 1477 Ergo
687 1388 813 1473 hoc
861 1390 994 1481 ipso
1011 1440 1030 1469 ‚
1074 1389 1246 1479 quod
1297 1385 1433 1459 Deo
1481 1389 1764 1459 liberum
1808 1393 1943 1469 est,
1994 1408 2132 1459 non
2182 1391 2394 1463 solum

397 1520 606 1569 creare
642 1496 748 1566 vel
790 1518 925 1567 non
965 1518 1179 1566 creare
1205 1547 1223 1575 ,
1272 1497 1383 1566 sed
1408 1548 1426 1577 ,
1482 1496 1642 1568 dum
1689 1500 1860 1567 creat
1878 1547 1896 1576 ,
1958 1498 2151 1567 etiam
2196 1498 2394 1570 talem

399 1606 505 1676 vel
550 1605 742 1674 talem
781 1603 1098 1673 mundum
1148 1624 1362 1673 creare
1384 1654 1402 1683 ,
1465 1605 1701 1695 parsser
1747 1603 1868 1695 ipsi
1905 1602 2186 1671 liberum
2244 1609 2342 1673 est
2361 1653 2386 1684 ,

404 1716 649 1785 naturae
683 1708 804 1778 hos
832 1707 937 1778 vel
970 1708 1124 1777 alios
1163 1710 1324 1778 fines
1358 1731 1709 1801 proponere
1742 1710 2024 1800 adeoque
2063 1713 2239 1801 juxta
2269 1731 2400 1779 va·-

397 1819 682 1887 rietatem
705 1815 851 1887 finis
878 1816 1120 1892 variare
1154 1814 1328 1907 leges
1355 1821 1664 1905 creaturae&
1689 1817 2057 1908 propositas.
2085 1815 2258 1905 Ergo
2285 1814 2396 1886 hae

397 1922 570 2013 leges
606 1937 649 1992 a
687 1922 887 1993 libera
911 1921 1231 1991 voluntate
1274 1918 1392 1991 Dei
1419 1918 1777 2012 dependent
1796 1964 1816 2002 .
1847 1921 2131 2013 adeoque
2170 1924 2394 2015 hypo-

400 2028 626 2097 thetice
654 2016 904 2097 tantum
937 2022 1299 2098 necessariae
1330 2031 1479 2102 sunt
1508 2025 1620 2120 (1).
1650 2020 1844 2100 Unde

487 2172 575 2242 A.
627 2174 1005 2241 Miraculum
1024 2220 1044 2252 ‚
1098 2194 1200 2240 seu
1239 2176 1476 2264 effectus
1519 2176 2008 2263 supernaturalis
2052 2170 2344 2245 inmittas
2371 2229 2389 2255 ,

403 2294 490 2348 est
524 2281 826 2371 possibile.
880 2279 982 2347 Vel
1016 2272 1193 2348 enim
1232 2274 1372 2349 talis
1399 2272 1654 2348 effectus
1686 2292 1726 2348 a
1764 2279 1900 2351 Deo
1933 2281 2299 2367 immediate
2334 2291 2398 2356 et

402 2390 577 2457 extra
624 2403 884 2468 omnem
928 2403 1084 2455 cum
1125 2378 1424 2456 creaturis
1462 2378 1835 2458 relationem
1874 2389 2244 2481 producitur
2267 2436 2288 2469 ,
2311 2435 2314 2436 ν
2334 2395 2399 2461 et

401 2497 541 2561 tum
584 2496 798 2583 patet,
844 2490 939 2561 illi
984 2513 1025 2561 a
1075 2487 1376 2562 creaturis
1421 2487 1677 2565 nullum
1714 2494 2117 2568 obstaculum
2161 2498 2398 2590 opponi

401 2595 605 2688 posse.
640 2599 741 2667 Vel
765 2598 1020 2692 effectus
1040 2594 1146 2669 ille
1176 2598 1268 2671 est
1294 2591 1468 2682 talla.
1501 2599 1573 2671 ut
1599 2603 1883 2694 spectatis
1911 2602 2399 2680 circumstantiis

339 2782 343 2787 ,
404 2704 769 2775 naturaliter
815 2729 926 2776 seu
964 2707 1031 2776 vi
1083 2695 1325 2776 naturoe
1372 2707 1722 2779 contrarius
1749 2711 2005 2781 effectus
2049 2697 2394 2806 sequaturg

402 2832 469 2909 y.
498 2834 572 2900 g.-
593 2813 979 2882 conservatio
1003 2808 1194 2879 trium
1218 2827 1561 2902 puerorum
1586 2809 1652 2882 in
1679 2816 1932 2886 fornace
1964 2816 2350 2908 Babylonica
2370 2868 2391 2899 .

404 2921 552 3009 qui,
598 2919 651 2988 si
681 2919 845 3009 ignis
877 2914 1231 2987 naturalem
1258 2916 1554 2988 effectum
1580 2915 1933 3002 habuisset,
1967 2917 2264 2995 comburi¹
2282 2926 2397 2996 de-

403 3024 719 3107 buissent,
701 3052 717 3069 ·
743 3029 805 3094 et
831 3030 972 3093 tum
994 3028 1196 3115 patet,
1234 3022 1443 3093 Deum
1472 3022 1650 3095 huno
1677 3027 1970 3098 effectum
1992 3030 2389 3113 naturalem.

405 3131 499 3197 uti
541 3130 609 3198 in
651 3152 799 3199 casu
845 3131 989 3201 dato
1037 3130 1387 3199 effectum
1367 3131 1574 3222 lgnis,
1630 3149 1807 3225 posse
1857 3117 2240 3228 suspendere
2290 3137 2397 3209 vel

406 3234 696 3304 cohibere
731 3235 849 3329 p‘ro
881 3237 1138 3311 arbitrio
1171 3258 1286 3308 suo
1313 3237 1582 3321 eodem,
1626 3263 1784 3384 quo
1793 3243 1942 3334 ἰἺιι
1975 3244 2167 3316 talem
2193 3244 2396 3319 finem

405 3340 735 3431 praestituit
768 3342 879 3433 (2).
1574 3384 1579 3389 ·

360 3591 367 3600 „
490 3503 572 3575 Β.
615 3508 1038 3591 Miraculum,
1082 3513 1491 3607 etiamquoad
1513 3539 1658 3593 noa,
1693 3528 1779 3583 est
1806 3517 2218 3606 caynoscibilo.
2301 3511 2304 3516 ’

466 3759 536 3827 (1)
565 3760 689 3815 Vide
711 3763 924 3823 cosmol.
952 3767 1077 3822 δορί.
1102 3768 1162 3822 Ιῐ.
1194 3768 1310 3832 Cap.
1333 3772 1380 3821 1.
1407 3770 1559 3838 Prop.
1582 3774 1630 3821 2.
1657 3771 1775 3837 Pag.
1799 3725 1879 3827 69.

468 3842 538 3909 12)
568 3844 692 3897 Ibid.
725 3845 1055 3915 onp.2.1’ag.
1079 3853 1139 3904 72
1163 3855 1212 3904 et
1232 3864 1366 3918 ωας.
