2988 4832
1246 527 1376 598 279

404 653 473 722 2⁶
500 649 674 721 Inter
694 652 949 745 populos
969 662 1347 725 reeentzores.
1368 651 1518 725 Slve
1534 652 1605 722 in
1634 673 1803 724 novo
1827 653 1957 724 sive
1982 653 2052 724 in
2075 654 2335 746 antiquo

314 757 470 829 orbe
522 760 760 852 pariter
802 761 1022 832 nullus
1052 769 1147 832 est
1165 815 1184 843 ‚
1220 762 1333 854 qui
1358 761 1430 831 in
1456 760 1852 831 admittendo
1896 763 2166 832 numine
2202 783 2335 833 non

311 869 664 937 consentiat
689 919 707 948 ,
763 870 1025 962 testibus
1062 870 1214 963 ipsis
1237 871 1550 940 historicis
1592 870 1915 960 religionis
1943 875 2176 940 nostrae
2201 868 2337 938 ini·-

297 974 522 1044 -micis.
571 973 780 1045 Fuere
812 975 1074 1067 quidem
1097 1031 1115 1058 ‚
1152 978 1265 1069 qui
1289 979 1531 1070 linguae
1558 975 1923 1068 aliquorum
1949 978 2339 1071 populorum

297 1081 492 1151 haud
521 1085 669 1154 satis
693 1086 882 1176 gnari
914 1088 1193 1178 speciem
1217 1086 1569 1177 quamdam
1592 1084 1885 1154 atheismi
1904 1086 2072 1154 inter
2099 1107 2205 1155 eos
2234 1085 2339 1156 de-

311 1191 534 1260 texisse
567 1193 908 1284 putabant,
945 1217 1175 1264 verum
1214 1196 1482 1264 viatores
1513 1193 1885 1286 posteriores
1905 1244 1924 1271 ‚
1948 1194 2091 1283 jam
2136 1194 2339 1285 magis

307 1299 632 1379 instructi,
682 1301 906 1370 eadem
943 1303 1084 1371 loca
1115 1308 1530 1394 peragrantes
1564 1302 1703 1370 non'
1719 1297 1990 1369 obscura
2017 1293 2339 1393 religionis

295 1406 548 1475 *indicia
573 1409 960 1479 invenerunt
993 1410 1103 1502 (1).
1139 1403 1312 1503 Ergo
1341 1415 1436 1479 est
1462 1407 1791 1480 unanimis
1814 1408 2110 1481 omnium
2135 1429 2340 1501 popu-

293 1511 527 1584 lorum
556 1537 910 1589 consensus
933 1569 951 1598 ,
991 1520 1255 1587 existere
1277 1517 1525 1588 Deum.

297 1663 310 1676 *
397 1655 593 1726 Prob.
639 1655 808 1728 Min.
856 1657 1052 1748 Atqui
1079 1659 1226 1725 talis
1272 1681 1587 1726 consensus
1632 1660 1948 1727 veritatem
1974 1669 2133 1728 certo
2165 1681 2336 1726 com-

301 1761 551 1852 probat.
600 1759 770 1832 Nam
807 1764 918 1833 hic
948 1787 1297 1835 consensus
1320 1817 1339 1846 ,
1390 1766 1701 1857 quoniam
1745 1772 1840 1836 est
1884 1767 2184 1836 omnium
2213 1766 2336 1835 ho·-

306 1872 570 1942 minum
601 1925 618 1952 ,
667 1884 927 1943 causam
977 1871 1222 1943 *habere
1269 1874 1458 1944 debet
1501 1874 1806 1944 omnibus
1856 1894 2273 1944 communem
2312 1898 2331 1940 ι

304 1981 488 2072 *atqui
524 1999 713 2050 causa
746 1981 1045 2050 omnibus
1083 1981 1454 2051 hominibus
1494 1983 1858 2051 communis
1899 1981 2025 2050 alia
2053 2001 2187 2051 esse
2217 2003 2337 2049 ne·-

308 2090 491 2181 quit,
538 2107 735 2184 quam
789 2096 961 2158 recta
1012 2090 1171 2159 ratio
1195 2140 1215 2171 ,
1267 2087 1462 2159 modo
1509 2110 1918 2179 quocumque
1970 2086 2336 2157 immediate

308 2198 688 2289 percipiens.
755 2195 928 2288 Ergo
971 2195 1125 2265 huic
1166 2197 1557 2290 perceptioni
1604 2202 1665 2265 et
1709 2195 2125 2286 consequenti
2175 2216 2333 2263 con-

309 2301 522 2375 sensui
551 2303 786 2373 salsum
808 2302 1059 2373 subesse
1081 2326 1216 2373 non
1245 2306 1477 2396 potest,
1516 2301 1804 2396 alioquin
1834 2303 1993 2371 ratio
2016 2322 2154 2371 non
2178 2309 2335 2371 esset

309 2414 469 2484 ratio
500 2405 610 2506 (2).

397 2547 482 2619 Et
515 2573 666 2620 sane
695 2553 819 2622 alia
850 2575 1039 2623 causa
1076 2555 1259 2624 nulla
1287 2554 1649 2647 reperitur}
1689 2575 1809 2624 cur
1832 2551 2131 2622 homines
2154 2602 2178 2633 ,
2224 2544 2336 2644 qui

311 2656 384 2751 in
411 2658 541 2727 suis
568 2660 842 2728 inventis
867 2684 1071 2751 usque
1094 2663 1251 2731 adeo
1275 2665 1636 2755 discrepant
1654 2712 1676 2742 ,
1711 2660 2096 2730 conveniant
2117 2664 2335 2732 tamen

310 2787 538 2845 omnes
587 2766 660 2834 in
692 2768 1032 2838 asserenda
1073 2769 1196 2838 Dei
1228 2771 1586 2848 existentia,
1622 2770 1772 2838 licet
1813 2769 1958 2838 hoee
1996 2768 2283 2840 doctrina
2308 2821 2326 2846 ‚

309 2876 525 2964 utpote
568 2874 833 2944 maximi
861 2884 1174 2945 momenti
1205 2884 1269 2946 et
1296 2876 1696 2969 passionibus
1723 2894 2132 2966 summopere
2163 2895 2336 2946 con-

312 2981 504 3050 traria
526 3032 543 3059 ,
581 3002 664 3051 sae
666 2981 919 3072 pissime
947 2984 1030 3053 ad
1060 3007 1328 3054 examen
1354 2989 1649 3055 revocata
1690 2982 1881 3052 suerit
1900 3032 1917 3059 ,
1960 3002 2082 3050 nec
2112 2986 2330 3054 tamen

310 3111 609 3180 unquam
635 3111 713 3157 ex
738 3091 1061 3161 mentibus
1093 3092 1437 3161 hominum
1455 3144 1471 3170 ‚
1501 3098 1634 3159 tam
1657 3089 1992 3160 doctorum
2008 3109 2206 3179 quam
2226 3111 2336 3161 ru-

310 3195 490 3262 dium
510 3246 528 3274 ,
566 3201 699 3264 tam
725 3199 1089 3292 principum
1119 3221 1317 3292 quam
1347 3200 1782 3281 subditorum,
1816 3199 2004 3274 evelli
2032 3201 2329 3292 potuerit.

312 3305 487 3393 Erqo
517 3306 731 3375 existit
758 3310 947 3377 Deae.

376 3518 446 3585 (1)
473 3522 599 3575 Vide
617 3524 677 3575 de
698 3527 792 3576 hac
811 3539 866 3577 re
882 3526 1087 3591 Bergicr
1109 3544 1124 3581 z
1150 3530 1388 3583 Traitdcle
1410 3533 1459 3584 la
1480 3533 1622 3586 vraz'e
1642 3533 1873 3599 reliqion.
1890 3530 2031 3580 Tom.
2057 3530 2120 3580 11.
2144 3528 2259 3592 Cap-
2285 3531 2329 3579 4·

311 3592 422 3643 Art.
440 3596 521 3646 12.
535 3596 731 3648 Fellerz
757 3597 1058 3650 Cate'chisme
1072 3601 1461 3670 philosophique.
1484 3604 1595 3657 Lib.
1620 3607 1668 3655 1.
1691 3604 1808 3667 Cap.
1834 3606 1949 3656 1.-·
1960 3601 2292 3652 Tournemine
2315 3618 2328 3652 2

312 3662 597 3725 Re'sleaeions
616 3681 707 3717 sur
728 3669 1017 3722 l’atheisme.
1035 3671 1094 3722 In
1116 3687 1263 3737 opere
1285 3688 1300 3724 ε
1322 3675 1719 3728 Demonstration
1738 3676 1802 3726 de
1818 3674 2092 3726 l'eaeistm
2110 3672 2174 3724 de
2187 3674 2326 3740 Dicte,

307 3746 409 3797 par·
423 3734 657 3794 Fenelon.
676 3740 988 3793 Fabricium:
1007 3743 1252 3810 Apologia
1268 3749 1463 3812 qeneris
1477 3748 1617 3800 Imm.
1639 3748 1837 3800 advers.
1851 3748 2060 3798 accusat.
2085 3745 2328 3799 atheis-mi.

310 3805 591 3930 iffi-'enge
613 3823 640 3932 :t
651 3812 723 3933 Die
749 3814 945 3879 qenevffs
962 3813 1098 3868 hum.
1126 3831 1360 3874 consensu
1399 3820 1453 3873 in
1474 3820 1803 3888 coquoscenda
1825 3818 2103 3882 divinitate·
2123 3817 2263 3888 ἹῘΟΠΙ·
2285 3821 2326 3873 Ῑ·

357 3892 371 3927 1
411 3912 427 3930 0
484 3913 501 3930 Ο
562 3894 619 3933 ar
643 3919 656 3934 0
716 3918 731 3936 0

377 3961 450 4028 (²)
472 3964 597 4032 1⁴09·
615 3966 768 4039 Appi.
789 3965 919 4030 Sect-
944 3974 990 4028 0.
1017 3970 1133 4039 Gap.
1158 3977 1204 4030 δ.
1226 3974 1346 4041 rag.
1365 3978 1453 4030 163
1469 3980 1519 4030 et
1539 3992 1674 4046 seqq.
