2988 4832
1312 531 1440 601 2:¹7

365 645 622 720 aliunde
659 646 1005 741 specimina
1032 647 1268 738 peritiae
1297 669 1427 718 suas
1468 645 1752 730 dederit;
1782 666 1937 742 ergo
1971 669 2009 717 a
2036 641 2174 741 pari
2198 650 2382 741 judi-

366 776 512 828 care
557 779 689 828 non
712 777 1052 846 possumus
1084 754 1379 827 rationali
1410 754 1604 827 modo
1624 807 1646 836 .
1696 756 1869 826 entia
1911 756 2173 836 mundi,
2207 782 2384 850 quo-

364 886 516 934 rum
550 861 712 933 fines
738 886 875 934 non
904 864 1229 934 noscimus
1249 917 1267 946 ,
1301 863 1386 934 ad
1416 863 1579 934 fines
1602 885 1751 934 suos
1782 887 1917 935 esse
1946 865 2164 957 inepta
2184 917 2203 945 ‚
2231 889 2381 937 cum

366 972 436 1042 in
465 971 704 1043 caeteris
723 971 1082 1043 innumeris
1108 972 1391 1065 partibus
1418 995 1747 1043 summam
1773 971 1855 1041 ad
1878 972 2041 1042 fines
2069 978 2209 1042 tum
2230 996 2384 1067 pro·

363 1081 536 1172 prios
567 1086 709 1149 tum
734 1101 1112 1150 communes
1138 1081 1558 1175 aptitudinem
1584 1079 1994 1152 observemus
2020 1132 2037 1159 ,
2086 1080 2218 1151 imo
2269 1102 2385 1150 re-

363 1209 514 1257 rum
531 1240 549 1266 .
589 1210 747 1263 (ruas
769 1193 982 1258 urimo
1008 1189 1243 1258 intuitu
1266 1187 1523 1258 inutiles
1546 1186 1655 1257 vel
1683 1188 1881 1256 etiam
1908 1188 2168 1257 nocivas
2196 1187 2383 1257 dice-

364 1316 604 1374 remus,
633 1294 931 1385 deinceps
960 1296 1347 1389 diligentiori
1376 1301 1623 1366 naturae
1652 1293 2092 1364 observatione
2120 1296 2384 1365 utilissi-

364 1428 525 1484 mas,
553 1410 741 1498 atque
761 1409 921 1477 adeo
952 1429 1118 1495 saepe
1147 1405 1529 1477 necessarias
1558 1428 1691 1475 esse
1712 1404 1795 1473 ad
1825 1406 2012 1473 totius
2036 1427 2384 1476 conserva-

364 1514 606 1584 tionem
632 1520 697 1584 et
719 1515 1131 1585 harmoniam
1163 1515 1563 1607 detegamus.

445 1648 587 1717 NB.
626 1648 788 1719 Casu
814 1655 878 1717 et
901 1651 1154 1717 fortuito
1174 1671 1492 1716 concursu
1518 1655 1907 1727 atomorum,
1942 1648 2040 1716 uti
2062 1646 2383 1742 Epicurus

362 1757 718 1833 somniavit,
739 1755 917 1823 hunc
945 1755 1177 1823 mundi
1202 1757 1498 1825 ordinem
1528 1756 1679 1827 oriri
1702 1778 1835 1840 non
1858 1758 2133 1850 potuisse
2156 1763 2383 1826 osten-

362 1885 510 1933 sum
535 1869 628 1933 est
655 1862 726 1932 in
755 1862 1156 1954 Cosmologia
1187 1863 1299 1955 (1).

1113 2091 1122 2102 ’
1150 2066 1434 2140 CAPUT
1477 2066 1591 2137 111.

874 2251 1253 2338 Arqumenta
1281 2273 1361 2316 ex
1391 2250 1606 2316 ordine
1638 2251 1888 2319 morali.
1980 2325 1983 2328 ,

453 2451 608 2526 117.
657 2456 1060 2546 Argumenta
1093 2478 1172 2524 ox
1220 2456 1444 2525 ordine
1477 2455 1706 2525 morali
1752 2477 1829 2523 ea
1863 2455 2200 2536 dicuntur,
2238 2478 2383 2549 qum

362 2585 438 2633 ex
486 2586 678 2632 sensu
712 2564 1082 2654 agendique
1097 2565 1337 2634 ratione
1357 2564 1745 2656 populorum
1762 2568 2068 2655 petuntur
2090 2616 2107 2642 ,
2145 2569 2210 2633 et
2253 2565 2382 2636 duo

361 2676 534 2748 sunt,
562 2692 773 2739 unum
817 2693 1049 2763 nempe
1090 2696 1170 2753 ex
1186 2674 1548 2763 populorum
1575 2672 1648 2738 de
1674 2674 2000 2740 existentia
2046 2673 2166 2738 Dei
2218 2695 2381 2740 una-

360 2780 523 2847 nimi
550 2802 874 2859 consensu3
900 2779 1175 2849 alterum
1218 2803 1297 2847 ex
1337 2782 1461 2868 leqe
1498 2781 1783 2846 naturali
1826 2779 2258 2872 desumptum.

415 2912 884 2996 'Amnum—nu
914 2924 1039 2996 1⁰⁸⁸.
1069 2927 1185 2994 Ex
1223 2927 1511 2993 unanimi
1518 2927 2204 3015 populorumconsemu.
2250 2928 2383 2995 Ar-

361 3038 748 3125 gumentum
771 3033 896 3101 hoc
921 3033 1008 3103 ita
1030 3031 1303 3123 proponi
1330 3036 1535 3123 potest
1560 3057 1578 3100 ε

448 3140 788 3211 Unanimis
811 3146 905 3209 est
947 3142 1245 3210 omnium
1273 3141 1659 3233 populorum
1705 3165 2053 3214 consensus
2084 3154 2109 3224 .’
2161 3142 2376 3247 Deum

362 3252 657 3319 existere:
682 3251 858 3340 atqui
878 3249 1019 3319 talis
1035 3270 1380 3320 consensus
1405 3251 1735 3320 veritatem
1757 3259 1931 3322 certo
1953 3253 2325 3346 comprobat
2355 3283 2372 3332 ς

364 3377 518 3447 ergo
541 3356 745 3424 existit
769 3354 969 3426 Deus·
1557 3358 1567 3373 '
1646 3386 1647 3389 ¹

452 3475 644 3547 Proh.
675 3475 844 3560 Maj.
886 3475 1209 3542 Unanimis
1230 3487 1317 3544 est
1344 3477 1616 3544 omnium
1640 3479 2007 3567 populorum
2033 3498 2371 3554 consensus.

365 3582 621 3649 existere
644 3581 863 3649 Deum.
892 3577 1063 3648 Nam

457 3699 525 3772 1⁰
552 3703 646 3770 De
686 3700 955 3791 antiquis
986 3704 1231 3793 populis
1278 3702 1345 3772 id
1391 3708 1698 3775 testantur
1731 3709 1870 3773 tum
1918 3709 2208 3777 auctores
2248 3704 2378 3776 fide

429 3938 497 4007 (1)
520 3940 646 3995 Soet.
670 3942 719 3998 1.
738 3941 858 4012 Cap.
880 3946 926 3995 2.
946 3943 1063 4010 Peg.
1089 3945 1147 3994 27
1170 3946 1218 3995 ct
1241 3958 1373 4009 seqq.

579 4042 590 4052 ·
2018 4024 2104 4094 24
