2988 4832
312 569 521 655 fiunt,
581 588 695 641 seu
731 568 905 641 Deus
945 592 1059 665 per
1099 592 1177 644 ea
1218 574 1491 649 intendit
1529 579 1933 651 manifestare
1986 602 2169 657 suam
2220 602 2335 656 vo·
2377 638 2398 649 ,

292 680 634 773 Oluntatem
666 705 685 750 ε
729 680 905 772 atqui
957 681 1011 749 si
1057 704 1217 763 vera,
1254 706 1295 753 a
1338 685 1510 756 falsis
1530 685 1804 757 discerni
1846 711 1982 759 non
2023 697 2330 783 possunt.

311 789 593 867 οιιιιιίιιο
651 788 852 872 finem
901 788 1160 858 nuHum
1219 789 1458 864 habere
1513 802 1778 887 possunt
1821 794 1957 867 Deo
2005 797 2277 890 dignum
2312 828 2329 880 ;

309 921 473 989 ergo
511 895 821 967 miracula
873 897 979 966 vel
1023 905 1173 969 sunt
1214 907 1472 972 externe
1516 904 1925 996 impossibilia
1951 954 1970 985 ,
2022 905 2142 997 vel¹
2187 911 2338 975 sunt

313 1006 810 1097 cognoscibilia:
846 1006 1023 1098 atqui
1061 1014 1314 1079 externe
1342 1011 1752 1103 impossibilia
1785 1034 1921 1096 non
1962 1018 2111 1082 sunt
2126 1065 2148 1094 ,
2183 1037 2337 1085 cum

305 1112 491 1184 Deus
512 1114 838 1184 manifeste
866 1117 1175 1205 sapientes
1215 1116 1377 1188 fines
1418 1118 1657 1189 habere
1699 1122 1891 1211 possit
1935 1122 2334 1212 producendi

306 1222 574 1292 effectus
619 1223 1131 1313 supernaturales
1159 1224 1443 1295 insolitos
1482 1248 1562 1294 ex
1607 1226 1788 1297 dictis
1824 1224 2044 1313 Capite
2084 1249 2337 1320 praece-

290 1329 525 1423 ‚denti;
557 1352 709 1421 ergo
746 1335 897 1399 sunt
920 1331 1113 1401 etiam
1140 1332 1618 1422 cognoscibilia.

986 1565 1629 1645 OBJECTIONES.

293 1742 301 1748 ’
404 1760 515 1829 36.
549 1757 718 1830 OBJ.
751 1760 813 1828 1⁰
838 1757 899 1828 J.
925 1758 986 1826 J.
1017 1757 1340 1829 Rousseau
1367 1759 1496 1828 loc.
1529 1760 1638 1829 cit.
1665 1758 1812 1831 Non
1857 1768 2155 1834 novimus
2182 1788 2336 1836 om·-

305 1888 431 1937 nes
454 1872 699 1936 naturae
724 1868 930 1957 leges;
968 1887 1122 1956 ergo
1155 1867 1316 1936 scire
1356 1889 1493 1936 non
1539 1887 1878 1959 possumus
1897 1876 2119 1940 utrum
2143 1872 2335 1943 effec-

305 1982 416 2043 tus
432 2025 456 2054 ‚
498 1976 609 2065 qui
634 1995 753 2066 pro
796 1974 1107 2053 miraculo
1132 1973 1426 2054 babetur,
1463 1996 1599 2042 non
1633 1978 1962 2065 proveniat
2004 1979 2046 2047 a
2086 1979 2336 2071 legibus

301 2080 559 2160 'naturae
582 2105 605 2152 wt
636 2078 837 2173 ‘potest
873 2081 1049 2151 enim
1079 2082 1335 2152 evenire
1381 2082 1448 2152 vi
1493 2081 1904 2173 quarundam
1931 2084 2156 2176 legum
2202 2106 2334 2156 na-

300 2193 475 2257 turae
503 2187 687 2256 nobis
707 2189 1208 2279 incognitarum.

397 2322 485 2393 R.
521 2324 597 2396 C.
626 2323 781 2395 Ant.
815 2325 903 2394 N.
959 2327 1139 2392 Com.
1189 2323 1360 2393 Na'm
1398 2344 1475 2395 eo
1524 2319 1703 2418 ipso?
1736 2324 1909 2416 quod
1941 2325 2333 2396 miraculum

297 2432 604 2526 possibile
630 2455 764 2504 esse
793 2437 1128 2511 asseratur.
1162 2434 1353 2502 etiam
1376 2433 1736 2524 quoad-nos
1756 2432 2178 2524 cognoscibile
2198 2454 2334 2505 mse

300 2538 536 2621 debet3
569 2540 878 2631 siquidem
903 2561 1084 2610 secus
1103 2540 1324 2609 nullus
1343 2542 1482 2632 ejus
1509 2539 1784 2609 faciendi
1804 2545 1964 2608 esset
1987 2537 2124 2610 Deo
2145 2539 2326 2611 finis:

302 2648 490 2737 atqui
514 2648 648 2738 ipse
668 2645 992 2717 Rousseau
1012 2647 1365 2718 absurdum
1385 2653 1449 2717 et
1471 2647 1747 2739 impium
1768 2645 1918 2715 dicit
1936 2668 2070 2716 esse
2094 2669 2332 2741 negare

302 2753 782 2848 possibilitatem
807 2756 1135 2839 miraculi;
1166 2756 1233 2826 id
1258 2754 1434 2847 quod
1459 2754 1587 2826 dici
1605 2759 1779 2824 certo
1805 2756 1998 2822 etiam
2022 2761 2224 2845 potest
2247 2757 2332 2829 de

300 2861 712 2955 possibilitate
743 2863 1134 2943 extrinseca3
1183 2884 1466 2955 ergom„

404 2996 745 3069 Rationem
772 2998 1051 3068 additam
1083 2999 1275 3085 Neqo.
1314 2994 1487 3067 Nam

402 3125 473 3194 1·
493 3123 712 3208 Quivis
735 3124 934 3196 bomo
955 3125 1144 3193 sentit
1163 3146 1230 3194 se
1252 3124 1695 3193 invincibiliter
1714 3125 1876 3212 ferri
1890 3121 1952 3217 a)
1973 3120 2055 3192 ad
2077 3138 2329 3212 exspec-

303 3230 629 3301 tandum
608 3254 681 3303 m
711 3232 870 3302 datis
903 3233 1418 3328 circumstantiis,
1454 3234 1578 3304 nisi
1619 3232 2009 3303 miraculum
2038 3231 2331 3300 interve-

307 3341 486 3418 niat,
522 3345 769 3422 certum
788 3346 1124 3418 eventum,
1159 3345 1225 3408 et
1239 3338 1394 3408 huic
1413 3341 1860 3430 exspectationi
1881 3345 2010 3408 tota
2037 3338 2329 3406 humana

304 3427 648 3540 prudentia
673 3453 735 3516 et
754 3447 1096 3525 industria,
1123 3449 1257 3517 imo
1278 3450 1384 3519 et
1356 3468 1506 3538 jura
1529 3470 1594 3517 v.
1615 3470 1683 3539 g.
1708 3448 2088 3519 haereditatis
2108 3446 2325 3536 aliquo

304 3555 611 3649 defuncto
633 3553 742 3651 (1),
696 3554 1175 3648 )innituntur;
1212 3555 1267 3648 h)
1296 3555 1377 3625 ad
1389 3553 1850 3648 judicandum,
1880 3555 2096 3625 adesse
2120 3554 2324 3624 inter-

320 3797 325 3800 -
387 3756 464 3826 (1)
489 3757 701 3811 sienim
718 3759 802 3811 vet
820 3709 1065 3824 :inpicet-i
1098 3771 1381 3826 possemus,
1405 3760 1515 3811 dari
1545 3761 1677 3824 leges
1709 3758 1895 3821 aliquas
1931 3755 2237 3821 incognitas,
2267 3756 2325 3808 vi

306 3844 530 3896 quorum
547 3830 732 3884 mortui
751 3835 1035 3895 resurgant,
1065 3845 1164 3894 quo
1197 3832 1313 3894 jure
1344 3833 1566 3883 heredes
1586 3830 1752 3881 statim
1779 3842 1812 3878 a
1843 3830 2003 3882 morte
2031 3828 2087 3879 in
2108 3828 2323 3882 beredi-

310 3908 466 3953 tatem
503 3903 856 3957 succederent?
887 3903 982 3955 Sed
1022 3904 1259 3962 nimirum
1278 3919 1338 3958 ea
1372 3908 1471 3971 est,
1516 3905 1735 3970 ipsorum
1756 3900 1875 3953 adeo
1917 3900 2317 3962 incredulorum,
