2988 4832
2514 371 2541 407 1

1534 454 1622 530 18

582 668 589 673 ,
666 586 854 667 Juxta
881 586 1216 665 auctorum
1242 586 1436 685 hujus
1473 580 1826 678 systematis
1864 572 2231 659 doctrinam*
2267 576 2402 658 duo'
2441 579 2595 658 sunt

466 709 471 713 ’
580 718 802 773 rerum
820 697 1131 792 principia
1168 721 1189 771 ε
1229 699 1479 790 plenum
1498 713 1612 764 seu
1657 690 1853 765 atomi
1890 689 1974 761 ab
2010 697 2251 765 aeterno
2279 714 2322 764 a
2373 690 2594 787 seipsis

581 807 910 877 existentes
924 858 944 886 .
988 811 1052 877 et
1079 808 1264 879 inam
1288 826 1402 881 seu
1425 823 1683 879 vacuum
1699 825 1728 885 ,-
1768 799 1897 873 illae
1937 821 2214 874 numero
2238 850 2261 884 .
2307 800 2433 875 hoc
2473 823 2596 876 ex-

586 914 873 987 tensione
900 912 1174 987 infinita.
2607 984 2618 996 ,

667 1052 1974 1148 Μίτωωωὴὶεερωμίεἰαὶεε
2013 1077 2036 1125 2
2078 1050 2595 1158 stymmata-qni·-

583 1162 730 1229 tudo
757 1167 821 1231 et
847 1175 1041 1230 motus
1077 1185 1185 1232 seu
1204 1165 1482 1253 ,impetus
1537 1169 1835 1234 aeternus.
1888 1165 2135 1253 Figura
2176 1160 2421 1230 infinite
2467 1182 2594 1229 va·-

585 1271 750 1352 riat;
800 1272 1153 1358 nmquitudo
1181 1269 1339 1339 adeo
1367 1270 1596 1361 exigua
1620 1321 1638 1348 ‚
1667 1274 1763 1340 ¹ut
1802 1269 2005 1341 oculis
2049 1267 2253 1337 videri
2282 1290 2416 1337 non
2440 1290 2596 1358 pos-

583 1379 746 1459 sint3
778 1390 970 1444 motas
997 1383 1336 1469 perpetuus
1362 1381 1427 1447 et
1445 1380 1626 1469 juxta
1657 1376 2100 1447 Democritum
2121 1374 2319 1470 unius
2342 1380 2595 1444 tantum

450 1498 456 1506 ⁴
583 1485 938 1579 directionis
959 1536 977 1564 ‚
1016 1507 1248 1577 nempe
1266 1509 1309 1555 a
1331 1508 1561 1553 summo
1584 1487 1860 1553 deorsum
1884 1487 2064 1576 juxta
2087 1483 2291 1551 lineas
2311 1504 2594 1575 perpen-

584 1592 891 1665 diculares
929 1598 992 1661 et
1016 1593 1133 1661 sibi
1161 1599 1386 1663 mutuo
1411 1584 1746 1688 parallelas
1775 1620 1796 1676 ς
1840 1594 2022 1684 juxta
2052 1589 2408 1682 Epicurum
2437 1612 2592 1658 vero

582 1699 885 1791 praeterea
909 1722 1063 1769 cum
1081 1703 1407 1770 clinamine
1421 1700 1637 1791 aliquo
1660 1752 1678 1781 ‚
1715 1721 1843 1793 quo
1868 1721 1907 1767 a
1929 1699 2269 1767 directione
2289 1699 2597 1794 parallel&

583 1806 983 1875 inflectantur
1005 1855 1028 1887 ‚
1060 1828 1172 1876 seu
1199 1830 1337 1874 cum
1368 1819 1539 1874 motu
1563 1807 1961 1874 declimtorio
1981 1846 2016 1883 ‚-
2039 1806 2127 1873 ita
2168 1805 2427 1897 quidem
2456 1857 2474 1884 ,
2524 1810 2599 1874 ut

586 1918 800 1982 motus
831 1915 945 1982 iste
970 1914 1417 1984 declinatorias
1444 1912 1681 2007 duplex
1704 1914 1820 1995 sit,
1863 1913 2024 1983 alter
2051 1912 2124 1982 in
2152 1934 2340 1979 vacuo
2367 1963 2387 1991 ‚
2444 1934 2598 1983 cum
2705 1940 2712 1945 ·

576 2024 769 2088 'secus
792 2023 988 2090 atomi
1009 2044 1345 2114 nunquam
1379 2021 1452 2089 in
1480 2021 1856 2112 corpuscula
1888 2021 2057 2091 coire
2088 2027 2386 2113 possent3
2438 2021 2599 2095 alter

586 2129 657 2196 in
674 2152 920 2219 corpore
936 2131 1198 2197 humano
1219 2180 1237 2208 ,
1267 2127 1438 2200 unde
1461 2149 1647 2197 mens
1673 2133 1737 2197 et
1755 2128 2012 2200 libertas
2024 2129 2313 2198 humana
2328 2128 2592 2198 oriatur.

672 2269 894 2341 Atomi
936 2270 1188 2361 itaque,
1235 2270 1340 2341 hae
1388 2271 1844 2363 triangulares,
1892 2271 2023 2344 illae
2078 2271 2444 2363 quadi-aim,
2491 2271 2597 2343 ho

583 2376 810 2458 unck,
824 2376 971 2448 illae
997 2376 1236 2447 ansulis
1260 2378 1584 2449 instructae
1633 2381 1699 2449 et
1740 2382 1978 2451 aeterno
2023 2383 2204 2449 motu
2236 2377 2309 2450 in
2346 2377 2598 2450 infinito

584 2505 788 2555 vacuo
815 2485 1060 2574 agitatae
1097 2486 1169 2553 in
1198 2506 1266 2556 se
1306 2491 1533 2554 mutuo
1580 2486 1994 2578 impingunt,
2040 2491 2103 2555 et
2148 2485 2256 2556 vel
2298 2486 2599 2572 resiliunt

552 2564 692 2658 vel
739 2586 1219 2682 conjunguntur
1266 2597 1331 2661 et
1374 2592 1736 2671 cohaerent.
1792 2593 2042 2683 hocque
2084 2575 2486 2664 collisionum
2531 2598 2597 2664 et
2684 2668 2694 2680 ‚

586 2698 999 2787 agitationum
1046 2720 1279 2789 genere
1327 2683 1709 2789 multiplices
1743 2698 2240 2772 combinationes
2284 2701 2436 2770 oriri
2475 2723 2596 2793 po-

585 2809 847 2872 tuerunt
865 2856 882 2882 ‚
926 2810 988 2872 et
1013 2805 1178 2873 inter
1217 2805 1370 2875 alias
1403 2806 1597 2875 etiam
1631 2810 1794 2875 totus
1849 2806 1966 2876 iste
2020 2807 2306 2878 mundus
2331 2860 2349 2889 ,
2390 2811 2596 2902 qualis
2717 2858 2723 2868 »

588 2929 767 2980 nunc
797 2916 889 2980 est
913 2960 936 2992 .
966 2932 1314 3006 omnesque
1345 2913 1418 2984 in
1444 2934 1522 2984 eo
1548 2935 1652 2985 res
1678 2936 1825 2984 casu
1852 2915 2194 2986 efformatae
2222 2921 2397 2986 sunt.

678 3062 912 3135 Contra
939 3065 1058 3137 hos
1084 3065 1445 3160 horumque
1488 3067 1765 3142 fautores
1785 3069 1867 3141 sit
1899 3088 2174 3163 sequens

680 3240 791 3311 13.
821 3240 1064 3313 PROP.
1103 3241 1360 3313 Monens
1396 3265 1481 3313 nx
1514 3264 1682 3314 noro
1716 3265 1793 3314 m·
1818 3229 2121 3314 romono
2152 3264 2452 3321 concunsu
2473 3269 2599 3320 nu-

588 3372 840 3420 Jnsmom
893 3373 1230 3424 nouorum
1268 3374 1556 3432 numum
1585 3372 1758 3423 omni
1785 3373 2025 3423 rorum.

678 3528 870 3597 Proh.
906 3529 990 3599 ,1⁶
1016 3525 1190 3598 Nihil
1219 3527 1401 3598 estin
1424 3526 1651 3600 effectu
1671 3578 1691 3608 .
1716 3526 1890 3620 quod
1907 3529 2115 3619 aliquo
2152 3530 2328 3600 ηιοᾶο
2347 3552 2480 3602 non
2519 3536 2622 3602 sit2

588 3634 660 3702 in
689 3634 915 3702 cause.-
940 3634 1116 3724 atqui
1141 3634 1212 3704 in
1242 3634 1487 3704 mundo
1517 3636 1830 3728 reperitur
1862 3657 2050 3706 mens
2069 3688 2093 3719 ,
2123 3638 2540 3731 intelligentia
2569 3693 2587 3721 ,

588 3738 749 3809 ratio
765 3787 784 3820 ‚
841 3760 985 3832 quoe
1018 3741 1088 3812 in
1130 3742 1358 3812 atomis
1398 3744 1570 3813 nullo
1599 3743 1772 3809 modo
1797 3742 2020 3814 insunt
2060 3767 2183 3818 nec
2209 3747 2413 3821 inesse
2436 3771 2593 3824 oos-

576 3850 788 3918 sunt:
824 3867 979 3942 ergo
1006 3869 1128 3920 nec
1158 3848 1242 3924 ab
1268 3849 1394 3920 illis
1420 3851 1754 3952 provenire
1781 3856 2150 3946 potueruut.
