2988 4832
1549 451 1639 530 82

395 604 401 611 ·
487 653 490 657 .
592 572 775 675 esses,
757 575 991 657 unde
1001 595 1230 649 eorum
1269 572 1439 647 circa
1456 569 1691 645 mundi
1709 564 2165 665 perfectionem
2182 568 2453 659 systema
2495 576 2616 656 op-
2680 560 2700 667 J

596 692 908 763 timismus
943 696 1159 797 vocari
1187 685 1369 755 solet.

594 906 600 912 .
686 830 831 903 Hoc
859 836 1078 906 autem
1096 794 1193 898 est
1215 846 1444 896 eorum
1473 818 1886 916 principium.
1923 815 2098 887 Deus
2124 819 2220 886 est
2234 811 2520 912 quidem
2530 772 2620 882 li-

596 939 764 1017 ber
745 934 817 1011 m
840 934 1141 1015 creando.
1174 935 1286 1002 sed
1312 954 1391 1000 ex
1421 924 1778 1022 hypothesi,
1807 921 1976 1017 quod
2000 912 2152 992 velit
2173 924 2409 1001 creare,
2435 906 2621 989 tene-

597 1054 707 1131 tur
748 1047 813 1116 1⁶
827 1042 1029 1136 juxta
1051 1038 1463 1111 Leibnitzium
1500 1031 1586 1127 (1)
1612 1032 1929 1126 optimum
1951 1026 2418 1119 eligere,q1'1ia
2463 1026 2625 1094 nihil

598 1164 697 1222 est
727 1146 867 1222 sine
892 1148 1134 1221 ratione
1159 1142 1521 1222 sufficienti,
1552 1142 1712 1234 ratio
1737 1142 1975 1218 autem,
2006 1154 2124 1206 cur
2154 1132 2335 1204 hunc
2376 1135 2618 1226 potius,

598 1276 803 1371 quam
821 1255 1026 1329 alium
1045 1254 1402 1326 mundum
1413 1250 1601 1325 Deus
1614 1247 1898 1340 elegerit.
1932 1244 2057 1315 alia
2077 1263 2210 1315 esse
2231 1260 2368 1310 non
2398 1246 2618 1332 potest,

591 1364 803 1460 quam
848 1367 1041 1458 hujus
1071 1362 1304 1434 mundi
1329 1359 1630 1453 perfectio
1658 1355 1961 1426 omnium
2001 1350 2326 1432 maxima·
2378 1354 2628 1419 tenetur

509 1542 516 1553 ,
594 1479 673 1547 2·
693 1479 892 1565 juxta
919 1471 1471 1542 Mallebranchium
1499 1465 1587 1558 (2)
1617 1485 1805 1547 suam
1833 1460 2178 1561 etquidem
2208 1480 2407 1550 quam
2433 1459 2630 1530 maxi-

585 1602 783 1656 mam
810 1578 1085 1674 gloriam
1112 1576 1489 1653 intendere,
1536 1573 1846 1663 adeoque,
1886 1590 2043 1641 oum
2079 1567 2287 1657 major
2331 1566 2532 1657 gloria
2552 1586 2634 1636 ex

598 1688 955 1783 perfectiori
971 1685 1218 1755 mundo
1238 1685 1311 1756 in
1338 1702 1496 1753 eum
1520 1677 1865 1819 redundet,
1891 1673 2219 1748 mundum
2246 1673 2632 1765 perfectissi-

599 1816 792 1869 mum
815 1794 1112 1866 condere.
1219 1828 1224 1835 -
2044 1822 2047 1825 -

649 1928 1064 2020 Antequam
1114 1925 1532 2016 quaestionem
1574 1918 2099 2014 aggrediamur
2109 1915 2636 2025 praenotandum

608 2052 747 2107 est.
767 2039 1188 2128 perfectionem
1208 2037 1302 2101 rei
1323 2054 1455 2103 esse
1475 2032 1740 2120 ejusdem
1773 2029 2156 2097 habilitatem
2178 2024 2263 2094 ad
2302 2030 2509 2118 finem
2519 2027 2628 2118 (3),

607 2151 674 2214 et
719 2144 874 2213 hinc
900 2165 976 2212 eo
1010 2141 1449 2233 perfectiorem
1491 2160 1636 2208 rem
1684 2159 1865 2216 esse,
1917 2157 2046 2226 quo
2092 2135 2499 2203 excellentior
2544 2139 2638 2202 est

608 2255 792 2350 finis,
819 2242 1127 2348 adtquem
1145 2249 1368 2326 tendit,
1401 2253 1466 2317 et
1494 2268 1625 2338 quo
1648 2248 1854 2333 major
1891 2243 2186 2311 habilitas
2217 2262 2329 2310 seu
2357 2241 2634 2309 exactior

608 2341 864 2429 mdis,
898 2369 1025 2439 quo
1048 2347 1289 2428 tendit3
1334 2343 1619 2435 adeoque
1654 2362 1800 2411 rem
1831 2342 1904 2410 in
1937 2362 2052 2409 suo
2093 2361 2327 2432 genere
2353 2337 2638 2407 absolute

610 2457 1132 2549 perfectissimam
1166 2477 1277 2523 seu
1309 2456 1619 2544 optImam
1643 2472 1778 2519 esse
1801 2471 1969 2527 eam,
2006 2469 2151 2539 qua>
2173 2446 2255 2516 ad
2281 2446 2484 2515 finem
2525 2467 2636 2513 ex-

613 2560 1138 2629 cellentissimum
1158 2558 1364 2626 tendit
1390 2555 1710 2625 habilitate
1736 2549 2037 2624 maximi.
2069 2553 2175 2624 Sic
2203 2551 2631 2644 horologium,

615 2669 797 2766 cujus
818 2667 964 2733 finis
1000 2672 1092 2733 est
1113 2665 1392 2734 indicare
1417 2666 1718 2758 temporis
1743 2665 2100 2750 divisiones,
2137 2662 2332 2731 relate
2360 2660 2442 2731 ad
2459 2660 2642 2729 hune

593 2773 814 2841 *finem
838 2772 1119 2863 adeoque
1142 2775 1504 2868 perfectione
1527 2767 1810 2851 relativa,
1847 2773 1963 2854 erit
1984 2771 2337 2863 perfectum
2364 2820 2381 2848 ,
2439 2767 2492 2837 si
2510 2789 2642 2836 ex-

616 2886 753 2950 acte
771 2879 1007 2949 indicet
1033 2880 1222 2949 horas
1250 2907 1269 2961 ;
1315 2881 1675 2971 pedentim,
1714 2882 1768 2949 si
1802 2899 1982 2970 aeque
2014 2882 2226 2947 exacte
2253 2880 2485 2969 praeter
2508 2874 2643 2943 ho-

615 3007 721 3056 ras
750 2989 939 3055 etiam
962 2988 1213 3056 minuta
1253 2985 1494 3055 indicet
1521 3037 1538 3067 ,
1573 2994 1638 3056 et
1680 2987 1947 3057 demum
1972 2984 2044 3054 in
2073 3004 2188 3054 suo
2217 3004 2454 3076 genere
2487 3002 2639 3073 per-

542 3147 546 3156 .
616 3093 1035 3164 fectissimum
1058 3141 1079 3173 ‚
1109 3093 1414 3186 {adeoque
1447 3096 1804 3185 perfectum
1833 3094 2194 3183 perfectione
2227 3092 2503 3160 absoluta
2531 3139 2548 3167 ,
2587 3098 2646 3169 si

618 3193 1005 3268 exactissime
1047 3221 1271 3270 omnes
1313 3202 1637 3291 possibiles
1671 3200 1975 3291 temporis
2007 3199 2342 3268 divisiones
2370 3194 2605 3265 indicet
2619 3191 2657 3263 .’

602 3305 808 3386 Quod
823 3306 878 3374 si
895 3306 1019 3377 hoc
1039 3313 1437 3399 postremum
1466 3309 1876 3399 horologium
1906 3307 2190 3375 inexacte
2224 3306 2461 3375 indicet
2488 3305 2639 3378 istas

619 3414 923 3507 temporis
941 3414 1296 3496 divisiones,
1342 3417 1555 3492 nriora
1574 3433 1729 3485 vero
1759 3419 1974 3484 exacte
1997 3435 2143 3524 suas
2162 3414 2355 3486 horas
2374 3410 2488 3483 'vel
2509 3415 2657 3488 mi-‚

627 3641 774 3714 (1)
790 3640 1009 3712 princip.
1035 3643 1308 3712 philosoph.
1310 3643 1523 3700 -Eseaz‘
1557 3645 1620 3699 de
1640 3642 1896 3699 Theodice‘e
1925 3659 2018 3698 eur
2053 3646 2105 3698 la
2125 3645 2273 3699 bont&
2301 3646 2365 3698 de
2387 3647 2548 3708 Dieuc,
2591 3648 2661 3699 (α’

591 3711 745 3769 ribo»
749 3720 812 3769 te*
826 3717 889 3769 de
912 3716 1135 3769 Phomme
1154 3722 1203 3770 et
1223 3721 1262 3769 λ’
1262 3721 1459 3785 oqu'ne
1482 3719 1550 3769 the
1568 3720 1694 3772 mal.

687 3788 761 3854 (2)
779 3790 851 3839 De
871 3791 921 3841 Ia
941 3790 1189 3841 recherche
1208 3790 1271 3841 de
1296 3791 1348 3841 la
1365 3793 1453 3842 ve'v
1454 3792 1540 3841 ite'.
1542 3791 1656 3840 -Τι
1643 3805 1719 3840 rea
1705 3791 1774 3840 z'te'
1787 3791 1918 3842 dela
1938 3791 2114 3843 nature
2131 3793 2180 3843 et
2198 3785 2263 3843 de
2282 3789 2334 3843 a!
2353 3790 2519 3860 qrdoe·

671 3867 763 3941 (Β)
784 3869 895 3933 ont.
917 3868 1052 3930 Pet-t.
1071 3867 1117 3924 1.
1137 3856 1256 3937 Gap
1276 3870 1322 3928 4,
1347 3868 1478 3944 Peg,
1493 3874 1584 3930 209
1609 3875 1658 3922 et
1677 3881 1782 3942 seq„
