2988 4832
1497 529 1631 604 130

544 631 875 736 materiam
904 685 1036 735 esse
1061 660 1473 754 compositam
1499 707 1517 739 ‚
1552 657 1897 748 composito
1926 650 2142 723 autem
2164 658 2300 722 non
2332 640 2554 720 minus

541 772 1250 867 opponicogitationem,
1271 791 1467 860 quam
1490 763 1810 856 triangulo
1833 758 2228 854 quadratum
2254 778 2273 842 3
2314 770 2552 852 ergo...

625 915 787 982 Inst.
840 912 904 979 1⁰
932 891 1104 978 Deus
1124 911 1326 999 potest
1353 927 1467 997 per
1488 924 1675 972 suam
1696 900 2227 992 omnipotentiam
2260 872 2579 967 conferre

493 1024 500 1029 ’
542 1020 887 1112 composito
927 1016 1414 1109 cogitationem3
1458 1032 1612 1101 ergo
1660 1031 1797 1078 non
1862 1012 2181 1100 repugnat
2232 1004 2560 1115 composi-

483 1201 491 1207 ,
544 1131 686 1197 tum
716 1127 1018 1217 cogitare.

482 1232 506 1340 Ϊξ.
631 1254 714 1325 R.
755 1255 845 1324 N.
875 1254 1029 1324 Ant.
1070 1238 1242 1323 Nam
1274 1248 1448 1320 Deus
1485 1267 1627 1319 non
1649 1253 1851 1340 potest
1884 1245 2117 1326 faeere,
2165 1244 2407 1338 quod
2386 1268 2457 1316 m
2488 1267 2559 1316 se

395 1374 406 1387 ‘
483 1322 491 1382 '.
542 1367 879 1457 repugnat.

528 1510 534 1516 ’
628 1490 788 1567 lust.
836 1487 905 1555 2⁰
927 1474 1232 1578 Cogltatio
1262 1488 1650 1577 repugnaret
1689 1481 2035 1574 composito
2061 1529 2080 1560 ,
2119 1479 2269 1571 quia
2297 1483 2391 1549 est
2410 1481 2564 1548 sim-

542 1593 732 1690 plex:
766 1595 942 1686 atqui
969 1592 1253 1665 materiae
1278 1596 1652 1685 competunt
1678 1589 1818 1660 aliae
1862 1589 2270 1680 proprietates
2304 1586 2562 1678 simpli-

544 1724 650 1772 ces
668 1753 690 1782 ‚
735 1703 834 1772 uti
870 1706 1023 1771 sunt
1069 1696 1395 1771 existentia
1421 1752 1443 1772 .
1489 1705 1702 1768 motus
1717 1751 1735 1778 ,
1769 1699 2042 1789 gravitas
2103 1702 2228 1764 etc.
2252 1723 2272 1777 3
2300 1715 2456 1787 ergo
2496 1700 2564 1765 et

544 1806 835 1900 cogitatio
857 1808 1067 1879 eidem
1100 1810 1443 1879 convenire
1468 1811 1694 1901 potest.
1738 1804 1833 1874 Ita
1853 1804 2202 1876 VoltariuS.

630 1949 713 2018 R.
737 1951 846 2018 Tr.
877 1950 968 2019 Ν.
998 1948 1159 2039 Sup-
1182 1948 1352 2035 Majt
1385 1948 1557 2018 Μαι.
1579 1943 1927 2016 Recensitae
1948 1945 2130 2014 enim
2151 1943 2563 2035 proprietates

544 2070 668 2126 nec
693 2057 1008 2149 simplices
1041 2057 1195 2126 sunt
1212 2102 1232 2136 3
1272 2074 1395 2124 nee
1423 2053 1578 2145 quid
1609 2065 1651 2124 a
1680 2053 1946 2123 materia
1989 2053 2360 2122 distinctum
2383 2096 2409 2130 ,
2449 2051 2562 2120 sed

543 2165 862 2235 existentia
878 2210 897 2245 3
937 2171 1150 2236 metus
1182 2170 1305 2234 etc.
1342 2165 1626 2234 materiae
1651 2184 1788 2233 non
1815 2165 1948 2240 est,
1976 2161 2100 2230 nisi
2122 2161 2258 2252 ipsa
2297 2161 2563 2232 materia

544 2274 811 2345 existens
827 2325 849 2357 ‚
895 2279 1071 2344 mota
1100 2290 1223 2345 ete.
1265 2273 1550 2364 adeoque
1597 2278 1756 2364 quot
1780 2288 1990 2371 partes
2038 2275 2191 2338 sunt
2209 2319 2231 2350 ,
2281 2274 2376 2339 tot
2413 2274 2565 2340 sunt

546 2382 888 2454 existentia}
912 2437 931 2459 ,.
965 2389 1178 2453 motus
1208 2386 1333 2453 ete.

630 2518 790 2585 Inst.
824 2514 893 2584 3⁰
928 2514 1167 2585 Saltem
1199 2516 1371 2585 Deus
1400 2519 1603 2607 potest
1644 2516 1918 2606 spoliare
1947 2516 2231 2607 aliquam
2255 2515 2560 2585 substan-

547 2624 700 2691 tiam
720 2623 1077 2692 extensione
1100 2629 1164 2691 et
1187 2623 1341 2691 hinc
1373 2624 1866 2715 compositione,
1900 2624 2145 2714 ipsique
2188 2622 2561 2707 substituere

269 2817 274 2821 ι
548 2725 1027 2820 cogitationem3
1078 2752 1232 2822 ergo
1264 2729 1489 2801 eadem
1516 2728 1863 2848 substantia
1885 2732 2114 2800 noteiit
2140 2752 2275 2801 csse
2304 2752 2559 2800 succes
2648 2799 2662 2812 ,

241 2927 259 2952 χ
315 2851 318 2852 ’
435 2885 438 2886 ⁷
547 2839 680 2907 sive
721 2838 1007 2928 cogitans
1042 2842 1109 2907 et
1147 2839 1432 2908 materia.

633 2973 716 3044 R.
757 2971 845 3046 N.
870 2977 1027 3067 Sap.
1074 2974 1228 3047 Ant.
1276 2976 1592 3070 Supponit
1629 2979 1806 3048 enim
1831 2939 2099 3070 objectio
2124 2980 2562 3049 extensionem

547 3107 660 3155 seu
701 3087 1227 3179 compositionem
1260 3083 1456 3180 recipi
1497 3087 1570 3156 in
1595 3087 1946 3158 substantia
1989 3083 2302 3180 singulari
2327 3139 2345 3167 ,
2400 3087 2567 3161 dum

547 3200 765 3266 tamen
797 3200 891 3263 est
919 3196 1267 3264 necessario
1300 3193 1569 3288 qualitas
1604 3195 1866 3266 relativa
1887 3247 1905 3275 ,
1953 3197 2001 3266 i.
2033 3217 2093 3266 e.
2143 3213 2458 3292 exurgens
2483 3208 2566 3271 eff

547 3298 836 3391 pluribus
882 3300 1080 3371 :hinc
1114 3308 1243 3383 est,
1269 3308 1340 3372 ut
1381 3306 1649 3375 materia
1688 3319 1824 3373 non
1852 3305 2045 3396 possit
2076 3301 2334 3398 spoliari
2372 3310 2564 3379 omni

546 3410 906 3478 extensione
927 3460 948 3489 ,
982 3411 1141 3500 quin
1175 3433 1251 3479 eo
1271 3413 1405 3503 ipso
1454 3417 1652 3483 cesset
1681 3425 1813 3482 esse
1843 3415 2132 3484 materia.

634 3524 808 3597 OBJ.
841 3526 911 3595 2⁰
946 3515 1135 3597 Vires
1169 3527 1455 3620 plurium
1508 3547 1850 3622 corporum
1887 3531 1974 3599 ita
2009 3536 2275 3623 possunt
2304 3533 2561 3624 compi-⁶

546 3647 737 3714 rare,
788 3639 863 3701 ut
894 3633 1044 3705 inde
1077 3633 1175 3706 vis
1197 3631 1560 3707 communis
1579 3629 1935 3719 exoriatur,
1966 3653 2121 3731 ergo
2156 3660 2197 3708 a
2224 3640 2363 3731 pari
2394 3641 2564 3709 vires

553 3742 876 3832 cogitandi
898 3744 1299 3837 singularum
1322 3747 1603 3854 partium
1629 3746 1910 3817 materiae
1936 3747 2021 3817 ita
2035 3755 2300 3839 possunt
2315 3751 2562 3844 conspi-

548 3863 734 3944 rare,
769 3860 844 3918 ut
868 3849 1019 3923 inde
1054 3853 1150 3923 vis
1193 3869 1327 3923 una
1364 3847 1748 3947 cogitandi
1731 3878 1802 3934 m
1845 3856 2192 3954 composito
2213 3868 2553 3960 exurgat.

550 3938 738 4054 atque
772 3959 930 4035 adeo
959 3964 1378 4059 compositum
1406 3966 1636 4062 cogitet
