2988 4832
1181 491 1307 563 115

232 650 242 659 ·
331 611 416 687 R.
462 614 549 686 Β.
583 617 737 690 Ant.
757 614 1051 713 ‘Semper
1106 619 1452 711 requiritur
1499 611 1815 688 motivum
1855 612 2132 689 auiam
2179 622 2254 690 ut

241 724 672 795 necessarium
714 725 1037 818 objectum
1068 724 1384 818 appetitus
1400 777 1419 803 ,
1479 726 1555 795 C.
1602 726 1756 796 Ant.
1804 721 1895 806 Ut
1936 726 2254 799 motivum

239 835 651 903 decet-enimus
673 840 734 902 et
763 833 1152 904 incluctabile
1174 883 1195 913 ,
1243 833 1336 904 N.
1368 834 1530 903 Ant,

324 1016 573 1088 Deinde
622 1018 697 1087 C.
724 1019 890 1108 Maj.
929 1022 992 1086 et
1012 1017 1105 1088 N.
1130 1016 1301 1089 Min.
1329 1017 1531 1107 quoad
1543 1016 1825 1107 primum
1845 1017 2057 1086 memb.
2085 1012 2255 1087 Nam

241 1126 308 1193 in
328 1122 665 1216 hypothesi
712 1120 1083 1215 aequalitatis
1125 1120 1523 1215 objectorum
1545 1120 1681 1213 ipsa
1720 1141 1837 1215 pro
1874 1125 2116 1194 ratione
2132 1143 2255 1195 *vo-

242 1226 456 1301 luntas
498 1236 625 1311 est,
676 1233 936 1323 ejusque
963 1228 1390 1323 spontaneitas
1417 1282 1436 1311 ,
1486 1246 1602 1299 seu
1624 1228 1888 1300 facultas
1917 1283 1934 1311 ,
1987 1228 2256 1324 seipsam

242 1356 351 1429 per
373 1334 756 1408 activitatem
800 1338 1210 1409 intrinsecam
1236 1339 1336 1409 ad·
1359 1356 1566 1409 unam
1603 1339 1918 1408 actionem
1940 1358 2075 1432 prae
2119 1338 2256 1411 aliis

242 1462 354 1538 per
406 1441 680 1516 eandem
723 1448 859 1517 vim
920 1445 1323 1540 possibilibus
1374 1444 1871 1517 determinandi.
1941 1443 2257 1518 Voluntas
2395 1540 2401 1546 .

241 1552 420 1622 enim
440 1559 593 1624 teste
613 1574 803 1624 sensu
823 1556 1054 1624 intimo
1074 1574 1211 1623 non
1227 1559 1325 1624 est
1346 1553 1531 1646 quasi
1551 1554 2053 1623 instrumentum
2075 1578 2257 1625 mere

243 1665 565 1755 passivum
592 1713 611 1742 ‚
662 1662 838 1755 quod
890 1662 1060 1731 inter
1107 1664 1275 1731 vires
1321 1661 1597 1753 aequales
1646 1664 1997 1731 necessario
2024 1667 2143 1731 stat
2183 1663 2255 1732 in

245 1769 594 1860 aequilibrio
617 1816 636 1850 ,
684 1770 843 1861 quin
863 1769 1025 1838 illud
1069 1770 1280 1839 valeat
1312 1768 1697 1860 abrumpere
1724 1821 1741 1849 ,
1789 1768 1900 1838 sed
1933 1770 2007 1838 vi-
2023 1768 2257 1860 agendi

242 1877 582 1947 intrinseca
622 1878 859 1969 pollet,
908 1899 994 1965 rex
1045 1876 1296 1947 duobus
1347 1876 1698 1968 aequalibus
1729 1926 1750 1958 ,
1800 1877 1879 1946 ea
1920 1877 2128 1946 solum
2173 1878 2255 1947 de

246 2005 453 2084 causa,
489 2001 661 2094 quod
680 1987 799 2073 sibi
826 2002 1192 2074 libeat¹eam
1232 2002 1373 2074 vim
1404 2023 1700 2074 exercere
1777 2001 2095 2071 utrumvis
2128 2001 2258 2070 eli-

247 2110 464 2204 gendi.
827 2132 830 2133 ⁷

324 2273 611 2344 Demum
638 2274 923 2357 ,1)ςΜιη.
972 2275 1174 2365 quoad
1194 2272 1518 2343 secundum
1562 2275 1774 2342 memb.
1801 2273 2119 2344 Voluntas
2145 2275 2253 2342 in-

246 2387 338 2454 ter
372 2381 504 2452 duo
544 2382 884 2475 inaequalia
910 2382 1261 2462 necessario
1310 2381 1506 2474 eligit,
1542 2370 1715 2474 quod
1741 2384 1835 2453 est
1868 2382 2098 2454 melius
2132 2381 2255 2454 suh

244 2494 408 2559 omni
445 2503 711 2581 respectu
731 2542 750 2571 ,
802 2491 875 2559 C.
903 2491 1056 2559 Ant.
1105 2489 1291 2582 Quod
1334 2495 1428 2559 est
1452 2490 1682 2580 melius
1719 2489 1840 2559 suh
1868 2491 2074 2580 aliquo
2107 2501 2257 2559 tan·

244 2611 370 2667 tum
399 2609 699 2687 respectu,
735 2598 823 2668 N.
858 2597 1011 2665 Ant.
1044 2593 1214 2665 Nam
1243 2618 1320 2665 eo
1344 2597 1481 2688 ipso
1508 2647 1525 2677 ,
1561 2595 1732 2688 quod
1759 2596 2080 2689 objectum
2133 2598 2256 2667 ali-

245 2704 412 2796 quod
435 2726 572 2774 non
615 2705 694 2773 sit
721 2704 951 2773 melius
994 2703 1113 2773 sub
1147 2701 1326 2772 omni
1366 2709 1662 2794 ,respectu
1686 2753 1706 2783 ‚
1752 2701 2108 2773 intellectus
2135 2725 2254 2795 pro

127 2907 130 2912 .
244 2811 358 2881 sua
383 2812 459 2881 in
494 2809 934 2905 cognoscendo
957 2808 1372 2901 amplitudine
1403 2815 1605 2902 potest
1635 2808 1763 2880 duo
1790 2810 1902 2879 illa
1922 2809 2095 2880 bona
2134 2810 2255 2881 sibi

242 2924 692 3010 repraesentare
718 2924 791 2988 ut
810 2916 937 2987 duo
965 2915 1233 2986 meliora
1261 2917 1381 2985 sub
1404 2916 1668 2985 diversis
1689 2917 2075 3007 respectibus
2096 2940 2252 2987 con-

247 3025 551 3108 siderata3
591 3026 886 3096 voluntas
925 3029 1141 3094 autem
1160 3010 1331 3094 inter
1370 3023 1499 3094 duo
1521 3023 1635 3092 ina
1660 3021 1927 3092 meliora
1968 3044 2100 3091 sese
2130 3025 2255 3092 de-

245 3131 549 3202 terminat
569 3133 705 3225 ipsa
724 3132 809 3202 ad
843 3132 1223 3203 alterutrum
1248 3182 1268 3212 ‚
1291 3136 1503 3223 prout
1523 3131 1662 3201 vult
1683 3183 1701 3210 ,
1735 3131 1802 3200 vi
1824 3132 2273 3223 spontaneitaff

245 3239 350 3318 tis,
385 3238 500 3309 sed
537 3260 673 3308 non
703 3238 1159 3308 determinatur
1187 3239 1381 3309 etiam
1410 3260 1452 3308 a
1477 3239 2027 3331 repraesentatione
2055 3227 2273 3329 majo-¹

244 3345 331 3413 ris
373 3344 554 3416 honi.
601 3344 849 3437 Nempe
892 3347 963 3415 in
1010 3347 1306 3439 praesenti
1356 3351 1523 3416 statu
1576 3367 1771 3416 omne
1823 3346 2073 3414 honum
2134 3345 2254 3415 sub

246 3450 509 3523 diversis
533 3454 917 3545 respectibus
939 3460 1033 3522 est
1051 3454 1157 3523 vel
1194 3455 1403 3545 majus
1433 3456 1559 3524 alio
1584 3454 1755 3526 bono
1777 3453 1881 3524 vel
1903 3455 2140 3533 minus,
2191 3460 2256 3524 et

244 3559 628 3653 plerumque
650 3558 937 3654 quidem,
975 3560 1148 3652 quod
1174 3561 1405 3631 melius
1442 3568 1537 3632 est
1579 3561 1934 3633 secundum
1965 3560 2254 3631 rationa-

245 3667 381 3738 lem
397 3718 422 3749 ,
458 3658 592 3739 non
617 3674 710 3739 est
736 3666 966 3739 melius
999 3670 1353 3741 secundum
1379 3671 1751 3741 sensitivum
1777 3667 2158 3763 appetitum3
2190 3677 2254 3742 et

249 3779 304 3850 si
350 3777 508 3872 quid
542 3777 896 3849 secundum
926 3785 1269 3873 utrumque
1307 3781 1656 3874 appetitum
1687 3783 1765 3851 sit
1793 3780 2076 3864 bonum,
2108 3804 2253 3855 me-
2320 3793 2328 3801 ‘

248 3883 375 3958 lius
404 3885 593 3958 etiam
632 3889 860 3964 animae
890 3889 1087 3967 videri
1111 3898 1311 3984 potest
1350 3891 1718 3965 exercitium
1745 3912 1875 3965 suae
1902 3891 2202 3969 libertatis
2227 3921 2246 3975 ς
