2988 4832
541 608 743 681 existit
765 610 860 698 ab
884 618 1122 686 aeterno
1149 614 1443 686 relatione
1468 620 1670 687 solum
1687 625 2074 709 consequente
2090 616 2180 687 ad
2203 615 2486 708 staturum
2506 619 2562 679 et

540 720 919 810 hypothetica
936 774 956 803 ,
996 724 1169 816 quod
1200 725 1492 796 futurum
1534 727 1616 796 sit
1640 727 1934 797 futurum
1957 776 1980 807 ‚
2013 724 2236 817 nequit
2271 716 2564 813 impediri

541 848 655 922 per
690 831 980 902 futurum
998 833 1069 903 in
1092 841 1378 931 tempore
1402 886 1422 915 ,
1456 836 1532 906 N
1531 884 1551 904 .
1575 836 1750 924 Μαί.
1794 832 2022 925 :atqui
2038 830 2418 923 praescientia
2444 824 2561 898 Dei

543 934 621 1006 de
638 943 786 1009 actu
801 939 998 1013 libere
1020 944 1236 1013 futuro
1259 943 1460 1013 existit
1484 943 1568 1013 ab
1583 949 1824 1013 aeterno
1847 941 2156 1012 relatione
2179 940 2390 1010 solum
2411 959 2565 1006 con-

543 1054 841 1139 sequente
869 1056 934 1120 et
957 1050 1366 1142 hypothetica
1399 1104 1416 1133 ,
1445 1050 1566 1120 sub
1593 1051 1673 1120 ea
1701 1073 1937 1144 nempe
1964 1048 2326 1130 conditione
2340 1095 2363 1128 .
2390 1044 2563 1138 quod

544 1160 725 1226 actus
747 1158 998 1227 futurus
1032 1159 1108 1227 sit
1132 1160 1386 1228 futurus
1401 1210 1422 1238 ,
1455 1181 1634 1250 erge.
1647 1210 1663 1227 .
1678 1210 1693 1227 .
1706 1209 1754 1229 ..

626 1303 787 1372 Inst.
819 1303 887 1370 2⁰
925 1303 1166 1372 Saltem
1187 1326 1263 1373 ex
1293 1304 1615 1395 supposito
1642 1353 1659 1382 ,
1701 1325 1925 1373 revera
1946 1303 2086 1393 jam
2111 1297 2372 1372 existere
2394 1319 2563 1391 proe-

544 1408 874 1480 scientiam
918 1409 1045 1499 Dei¹
1074 1409 1153 1480 de
1201 1414 1349 1479 actu
1389 1410 1594 1479 libero
1620 1409 1907 1479 absolute
1936 1411 2154 1479 futuro
2177 1460 2197 1489 ,
2234 1414 2321 1480 iv·
2371 1430 2442 1500 g.
2483 1405 2565 1475 de

543 1520 798 1604 peccato
821 1513 1118 1595 Leandri,
1145 1516 1252 1584 hic
1267 1517 1407 1606 jam
1431 1537 1569 1585 non
1588 1521 1795 1608 posset
1818 1518 2108 1587 omittere
2128 1521 2385 1597 actum;
2409 1537 2561 1607 ergo

545 1641 695 1689 cum
720 1625 798 1691 de
828 1624 990 1692 sacto
1018 1624 1136 1698 ista
1151 1623 1545 1716 praescientia
1561 1625 1768 1706 datur,
1803 1629 1982 1696 actus
2001 1622 2109 1695 ille
2134 1646 2270 1694 non
2291 1624 2565 1716 amplius

544 1734 638 1797 est
664 1728 848 1801 liber.

632 1883 715 1956 R.
749 1890 835 1959 D.
886 1891 1039 1960 Ant.
1084 1889 1207 1961 Hic
1239 1895 1378 1986 jam
1425 1914 1563 1965 non
1600 1895 1807 1983 posset
1851 1890 2142 1958 omittere
2185 1892 2402 1958 aetum
2436 1912 2565 1981 po-

542 1994 735 2060 tentia
769 2011 1141 2087 consequente
1179 2001 1340 2069 etin
1379 2022 1572 2070 sensu
1608 1997 1953 2089 composito
1985 2017 2138 2064 cum
2170 1996 2565 2086 praescientia

542 2104 755 2173 divina
777 2156 795 2184 ,
845 2108 917 2176 C.
971 2109 1123 2178 Ant.
1175 2112 1464 2179 Potentia
1496 2109 1868 2176 antecedente
1903 2111 1967 2174 et
2002 2105 2072 2173 in
2101 2126 2292 2174 sensu
2322 2105 2521 2177 diviso
2538 2158 2558 2187 ,

541 2213 630 2280 N.
677 2214 827 2281 Ant.
868 2211 1116 2309 Nempe
1158 2218 1477 2310 supposito
1518 2217 1778 2285 existere
1810 2211 2271 2305 praescientiam
2317 2212 2438 2283 Dei
2483 2213 2565 2285 de

541 2324 797 2409 peccato
834 2318 1114 2392 Leandri
1136 2373 1156 2404 ,
1207 2323 1335 2393 hoc
1382 2325 1520 2416 ipso
1567 2322 1947 2414 supponitur
1966 2369 1985 2399 ,
2040 2317 2412 2391 Leandrum
2447 2344 2564 2394 suo

541 2436 825 2523 tempore
851 2452 917 2500 se
943 2432 1142 2503 libere
1166 2432 1741 2502 determinaturum
1769 2430 1851 2499 ad
1878 2436 2211 2524 peccatum
2228 2481 2250 2513 ,
2283 2454 2397 2501 seu
2427 2435 2565 2525 ejus

540 2536 893 2608 libertatem
924 2541 1062 2610 fore
1112 2541 1605 2611 determinatam
1641 2539 1723 2610 ad
1756 2543 2131 2631 peccatumz
2179 2539 2291 2608 sed
2325 2561 2565 2633 suppo-

542 2646 659 2713 sita
705 2645 987 2716 libertate
1040 2648 1462 2719 determinata
1515 2647 1595 2717 ad
1638 2654 1975 2741 peccatum
2002 2699 2020 2725 ,
2067 2651 2235 2716 certe
2270 2642 2564 2718 Leander

542 2746 819 2844 potentia
846 2761 909 2825 et
931 2757 1088 2828 hinc
1132 2758 1496 2826 necessitate
1528 2763 1952 2849 consequente
1975 2759 2053 2849 *et
2073 2754 2144 2822 in
2174 2775 2365 2825 sensu
2390 2778 2564 2826 com·
2652 2756 2661 2765 ’

540 2863 739 2954 posito
783 2883 934 2931 non.
963 2871 1168 2955 potest
1210 2887 1345 2933 non
1389 2885 1702 2956 peccare3
1748 2869 1953 2955 potest
2006 2869 2227 2932 tamen
2269 2860 2564 2934 Leander

538 2970 815 3063 potentia
835 2971 1234 3041 antecedenti
1255 2977 1322 3040 et
1347 2971 1418 3038 in
1443 2993 1632 3038 sensu
1655 2971 1853 3040 diviso
1881 2994 1948 3040 se
1977 2993 2112 3040 non
2137 2968 2561 3045 determinare

542 3084 621 3151 ad
648 3088 983 3175 peccatum
999 3132 1018 3162 ,
1065 3079 1176 3150 sed
1202 3087 1344 3150 tum
1378 3078 1554 3151 Deus
1578 3081 1769 3149 etiam
1811 3099 1947 3148 non
1975 3077 2295 3170 praesciret
2324 3102 2560 3170 pecca-

540 3198 785 3262 turum.

565 3376 572 3382 ⁸
623 3346 783 3413 Inst.
817 3344 889 3414 3⁰
918 3345 1089 3436 Ergo
1114 3346 1337 3415 saltem
1365 3343 1664 3416 Leander
1691 3368 1815 3413 non
1836 3359 2031 3438 potest
2075 3306 2366 3418 omittere
2396 3373 2557 3443 pec-

539 3458 754 3521 catum
782 3456 984 3521 stante
1015 3454 1408 3544 praescientia
1455 3451 1575 3522 Dei
1594 3503 1614 3534 ,
1664 3452 1950 3547 adeoque
1983 3480 2121 3529 non
2149 3457 2342 3527 habet
2371 3457 2560 3529 liber·

536 3565 734 3628 tatem
762 3557 1269 3631 antecedentem.

628 3704 710 3777 R.
745 3706 832 3776 D.
872 3708 1052 3775 Cous.
1089 3709 1234 3778 Non
1257 3719 1451 3798 potest
1471 3709 1793 3789 omittere,
1825 3709 1875 3779 i.
1907 3730 1969 3785 e.
1996 3730 2120 3777 non
2140 3710 2387 3782 omittet
2410 3733 2560 3804 pec-
2596 3698 2603 3707 Ι

543 3817 787 3892 catum,
838 3814 917 3886 C.
954 3816 1171 3895 Cous„
1220 3814 1266 3884 i.
1300 3836 1361 3883 e.
1403 3837 1539 3884 non
1565 3815 1823 3888 habebit
1848 3814 2194 3908 potentiam
2226 3818 2557 3888 omittendi

515 3926 893 4013 peccatum.
910 3924 1001 3997 Ν.
1032 3924 1211 4002 cons.
1233 3919 1570 4021 Duplicem
1590 3925 1765 4000 enim
1784 3947 2043 4000 sensum
2059 3925 2417 3997 habetillud
2432 3946 2563 3999 non·
