2988 4832
489 545 557 622 5.
605 547 682 621 ln
732 551 1152 628 fundamento
1199 559 1413 651 itaque
1454 553 1731 631 scientiae
1775 554 2100 654 “ponendo’'
2123 575 2300 639 efror
2347 581 2414 651 ec

396 655 621 728 veritas
671 663 986 734 consentit
1013 664 1122 756 (1).
1159 662 1294 736 «Ast
1335 664 1419 736 ad
1446 669 1727 759 primam
1763 671 1904 760 jam
1946 670 2120 742 ideae‘
2140 669 2414 745 absoluti

397 763 828 839 evolutionem
850 772 922 841 in
947 771 1193 842 diversa
1204 773 1565 866 philosophi
1587 775 1855 857 abeunt,
1884 783 1950 847 et
1968 777 2073 847 alii
2088 766 2411 870 pantheis-

412 892 598 947 mum
622 925 639 954 ‚
675 875 783 946 alii
810 875 1198 951 dualismum
1235 888 1610 973 sequuntur,
1646 906 1778 963 seu,
1806 888 1879 953 ut
1900 882 2130 954 clarius
2147 886 2402 978 loquar,

395 979 495 1051 ilii
513 1032 533 1062 ‚
562 984 902 1056 absolutum
933 992 1126 1058 solum
1163 992 1438 1060 existere
1462 990 1860 1061 contendunt
1882 994 2117 1085 rejecta
2140 998 2409 1085 creatio·

391 1109 514 1170 ne;
545 1090 654 1160 alii
713 1106 941 1184 proecer
991 1097 1328 1165 absolutum
1345 1149 1368 1178 ,
1414 1120 1481 1166 se
1496 1098 1540 1167 d
1569 1100 1648 1164 ab
1700 1100 1971 1167 absoluto
2011 1096 2428 1175 existentiam‘

391 1204 692 1270 creaturae
721 1209 1151 1296 propugnant,
1185 1206 1252 1273 id
1316 1205 1489 1296 quod
1508 1257 1525 1286 ,
1558 1205 1707 1275 licet
1724 1206 2067 1301 improprie
2089 1258 2114 1299 ἱ
2157 1208 2405 1283 dualis-

391 1324 535 1375 mus
559 1328 602 1376 a
625 1309 844 1379 multis
870 1316 1154 1381 vocatur.
1205 1310 1451 1404 Nempe

489 1457 556 1529 6.
601 1461 964 1532 Absolutum
991 1464 1113 1535 suh
1141 1465 1383 1557 duplici
1402 1470 1709 1556 respectu.
1736 1468 2121 1539 considerari
2154 1475 2359 1566 potest
2383 1497 2429 1549 ι.

388 1569 599 1657 primo
625 1570 888 1659 quidem
933 1571 1114 1663 quasi
1134 1595 1176 1639 a
1199 1574 1409 1661 priori
1431 1595 1546 1641 seu
1571 1574 1643 1642 in
1674 1573 1792 1645 sua
1830 1577 2147 1660 essentiiu
2196 1585 2261 1649 et
2288 1580 2411 1649 sub

390 1675 519 1745 hoc
548 1683 838 1770 respectu
887 1677 972 1747 ab
1015 1678 1316 1749 omnibus
1359 1679 1748 1772 philosophis
1768 1730 1787 1759 ‚
1821 1683 2112 1771 quamvis
2158 1683 2428 1771 diversa.¹

390 1786 633 1858 ratione
647 1837 670 1868 ,
714 1785 1223 1880 apprehenditur.
1240 1792 1314 1858 ut
1339 1788 1661 1879 infinitum
1686 1799 1744 1858 et
1770 1811 1941 1871 omne
1977 1813 2095 1860 esso
2130 1788 2240 1884 (2).
2289 1790 2411 1863 Ast

390 2068 538 2120 mine
556 2071 784 2135 explicite
814 2071 1100 2126 admittunt.
1128 2069 1275 2127 Multi
1307 2070 1442 2122 enim
1480 2070 1763 2122 absolutum
1785 2068 1999 2124 'nomine
2038 2074 2264 2124 concreto
2301 2087 2429 2127 sine·

394 2139 505 2191 aliis
524 2143 837 2206 praeambulis
855 2144 1017 2196 Deum
1037 2147 1303 2210 appellant,·
1331 2145 1617 2208 pantheistm
1636 2155 1753 2192 vero
1774 2157 1864 2207 pm
1882 2144 2019 2194 varia
2038 2144 2228 2194 rationo
2247 2149 2422 2209 syste·,

391 2210 713 2275 matis‚‘qu0d
733 2216 1053 2279 constituunt,
1073 2216 1159 2266 alii
1188 2215 1313 2266 inud
1332 2216 1593 2265 materiam
1615 2213 1751 2280 (ὕλη),
1774 2214 1859 2264 alii
1887 2229 2047 2264 unum
2066 2218 2152 2264 aut
2164 2229 2266 2266 esse
2284 2251 2300 2277 ‚
2320 2217 2409 2268 alii

392 2283 558 2336 ideam
572 2298 753 2348 puram
782 2290 869 2336 aut
904 2301 1009 2337 esse
1039 2300 1224 2350 purum
1257 2289 1350 2337 etc.
1375 2290 1687 2349 nuncupant.
1707 2287 1797 2338 Ast
1814 2286 1908 2338 sub
1929 2285 2063 2337 vario
2092 2285 2185 2337 isto
2205 2285 2413 2338 nomine

391 2355 450 2406 in
473 2369 530 2408 se
547 2369 744 2422 sempor
769 2359 1049 2411 absolutum
1079 2356 1380 2422 concipiunt.

449 2461 525 2527 (1)
553 2463 691 2513 Adeo
711 2476 774 2513 ne
788 2474 953 2512 errare
976 2459 1180 2525 quidem
1198 2460 1308 2523 quis
1340 2464 1514 2526 potest,
1551 2461 1673 2525 quin
1696 2462 1907 2513 eandem
1930 2462 2060 2511 hanc
2078 2460 2286 2511 absoluti
2314 2462 2407 2514 ad-

389 2534 556 2584 mittat
583 2536 757 2584 saltem
787 2532 1080 2594 implicitam
1109 2531 1289 2581 ideam.
1314 2530 1464 2582 Error
1491 2532 1629 2584 enim
1669 2534 1835 2584 nullus
1866 2532 1972 2581 sine
2003 2531 2204 2594 aliquali
2227 2533 2409 2585 saltem

387 2604 831 2729 ἒὲῐιιίὲιὲιίἔὲἱίιιῖίὶε
850 2605 906 2655 in
924 2617 979 2655 se
1002 2617 1094 2654 seu
1111 2602 1330 2654 veritatis
1349 2604 1603 2671 absolutae,
1620 2618 1729 2671 seu,
1747 2604 1883 2671 quod
1901 2604 2036 2657 idem
2054 2607 2148 2669 est,
2169 2603 2279 2660 sine
2302 2618 2402 2660 no-

454 2776 523 2842 (2)
552 2778 697 2839 Apud
737 2776 1037 2839 pantheistas
1078 2775 1340 2825 modernos
1360 2809 1379 2838 ‚
1432 2774 1523 2837 qui
1561 2776 1721 2837 logico
1757 2787 1848 2826 seu
1896 2774 2047 2825 ideali
2097 2774 2412 2837 pantheismo

387 2850 609 2900 maxime
641 2849 885 2911 insistunt,
922 2848 1201 2896 absolutum
1228 2845 1350 2895 inse
1369 2845 1735 2895 consideratum
1762 2845 1897 2896 idem
1924 2846 2026 2895 fere
2046 2851 2205 2907 sonat,
2227 2857 2424 2898 acone.

388 2920 621 2984 generice
641 2923 896 2981 sumptum
932 2931 1022 2967 seu
1055 2930 1209 2978 genus
1249 2927 1557 2976 supremum.
1589 2915 1799 2975 Scilicet,
1826 2916 2244 2977 quemadmodum
2273 2931 2320 2966 v·
2354 2931 2406 2979 g.

390 3003 566 3053 equuS,
597 2990 762 3051 arbor,
780 2987 980 3051 spiritus
1000 2989 1093 3036 etc.
1113 2986 1270 3049 logice
1291 2984 1482 3047 concipi
1501 2986 1658 3047 potest
1675 2986 1732 3034 ut
1752 2996 1839 3032 ens
1870 2986 2002 3032 certo
2023 2985 2236 3045 quodam
2257 2987 2411 3049 modo

390 3047 775 3113 determinatum
797 3074 886 3110 seu
919 3060 979 3109 ut
1008 3070 1164 3122 genus
1194 3070 1479 3118 supremum
1509 3055 1564 3104 in
1585 3068 1695 3103 suas
1714 3054 1894 3115 species
1923 3054 2004 3105 vel
2032 3055 2088 3104 in
2117 3069 2208 3107 sua
2226 3055 2407 3107 indivi-

389 3136 493 3184 dua
524 3134 861 3184 modificatum
882 3165 903 3195 ,
931 3129 1004 3183 sic
1040 3142 1120 3181 res
1142 3140 1448 3191 quaecunquc
1476 3128 1552 3177 est
1576 3125 1692 3188 ipsis
1715 3126 1996 3175 absolutum
2029 3129 2162 3178 certo
2189 3128 2407 3189 quodam

385 3208 540 3258 modo
558 3205 959 3266 determinatum,
985 3215 1073 3252 seu
1097 3214 1200 3249 una
1223 3213 1284 3249 ex
1318 3197 1524 3247 infinitis
1566 3195 1885 3261 positionibus
1900 3197 2124 3247 absoluti.
2147 3196 2283 3247 Sicut
2311 3211 2404 3247 au·

389 3282 493 3327 tem
522 3292 610 3340 per
633 3276 1012 3327 abstractionem
1041 3286 1195 3337 genus
1221 3283 1509 3332 supremum
1531 3275 1584 3319 m
1603 3281 1657 3318 se
1694 3266 1991 3317 considerari
2020 3269 2176 3331 potest
2200 3270 2260 3318 ut
2284 3281 2409 3319 non-

391 3353 515 3400 dum
537 3352 592 3400 in
630 3364 742 3399 suas
777 3348 961 3411 species
993 3350 1044 3396 et
1083 3343 1339 3396 individua
1362 3340 1680 3402 distinctum;
1727 3338 1799 3388 ita
1825 3339 1975 3387 etiam
2005 3340 2283 3389 absolutum
2322 3351 2410 3401 per

393 3420 771 3472 abstractionem
793 3417 1078 3483 concipiunt
1112 3420 1170 3466 ut
1203 3415 1362 3465 adhuc
1378 3411 1831 3461 indeterminatum.
1854 3410 2014 3471 Atque
2040 3407 2411 3472 it21absolutum

392 3494 449 3543 in
467 3507 520 3542 se
540 3494 590 3541 et
607 3491 746 3554 quasi
763 3488 981 3559 opnor-1⁸
998 3488 1359 3539 consideratum
1387 3487 1460 3533 est
1487 3482 1640 3543 idem,
1675 3494 1732 3531 ac
1753 3481 1882 3543 apud
1900 3480 2043 3530 Indos
2070 3480 2145 3542 (in
2160 3480 2428 3546 vedana)-

391 3562 612 3614 Brabma
627 3575 800 3613 somno
829 3560 1014 3623 sopitus
1032 3562 1084 3610 et
1102 3574 1189 3609 ens
1209 3555 1665 3613 indeterminatum,
1686 3555 1764 3602 vel
1777 3552 1908 3615 apud
1928 3552 2175 3615 Schelling
2189 3554 2410 3605 absoluta

391 3634 724 3687 indifferentia
745 3632 971 3683 omnium
993 3631 1324 3681 differentium
1342 3666 1356 3690 ,
1381 3628 1461 3677 vel
1487 3626 1616 3689 apud
1637 3623 1791 3687 Hegel
1810 3625 1921 3673 idea
1940 3636 2063 3685 pura
2086 3625 2167 3673 vel
2190 3636 2293 3676 csse
2312 3637 2411 3688 pu·

389 3718 530 3765 rum,
552 3704 590 3756 i.
622 3718 670 3757 e.
694 3717 796 3756 esse
816 3704 958 3755 nulla
992 3702 1356 3754 modificatione
1390 3696 1803 3759 determinatum,
1842 3698 1938 3745 etc.
1958 3693 2049 3745 Ast
2079 3694 2197 3749 licet
2219 3695 2291 3745 sic
2322 3708 2413 3756 pel·

392 3776 775 3830 abstractionem
808 3776 1014 3841 quidem
1045 3777 1097 3826 et
1120 3775 1281 3824 solum
1320 3771 1479 3833 logico
1516 3770 1759 3850 conceptu
1795 3766 2096 3819 considerari
2132 3767 2413 3819 absolutum

394 3847 562 3916 possit,
586 3846 640 3898 in
659 3860 710 3899 se
728 3850 896 3905 tamen
916 3850 968 3904 et
987 3845 1225 3910 objectiva
1257 3841 1531 3901 necessario
1560 3839 1751 3903 conmpi
1780 3838 1923 3890 debet
1938 3842 1997 3888 ut
2030 3849 2224 3899 semper
2243 3849 2405 3886 esson-
