2988 4832
1297 467 1412 539 ·81

359 604 718 678 ‘necessario
736 612 765 688 ζ
779 610 862 676 ἐἰ
904 606 1064 699 quin
1112 602 1402 676 medium
1433 602 1662 676 ‘ullum
1706 606 2058 700 suppeditet
2098 629 2384 685 errorem
2444 588 2453 599 ³
2570 610 2578 618 '

360 715 645 788 evitandi
671 766 691 797 .
728 737 912 786 secus
939 716 1122 787 fieret
1149 717 1283 808 ipse
1309 719 1534 785 auctor
1557 716 1788 785 erroris
1815 715 1936 809 (1).;

448 856 640 945 0131?
673 870 744 942 3⁰
786 871 1030 943 Saltem
1074 874 1465 945 miraculum
1496 867 1931 963 'antiquitatis'
1958 840 2382 967 cognoscibile

359 1001 498 1052 non
530 989 648 1052 est.
695 981 865 1052 Nam
890 988 1077 1054 testes
1100 986 1252 1052 sunt
1280 984 1637 1076 generatim
1661 982 1958 1053 homines
1986 986 2180 1055 rudes
2212 1013 2230 1056 ε
2274 994 2384 1057 at-

356 1098 473 1189 qui
495 1097 692 1169 rudes
707 1121 842 1169 non
855 1106 1006 1170 sunt
1017 1099 1260 1192 iudices
1295 1098 1511 1169 idonei
1526 1098 1987 1170 miraculorum
2008 1129 2029 1184 ;
2052 1124 2231 1195 ergo·
2242 1158 2260 1177 .
2272 1106 2383 1202 .(2)

353 1300 360 1307 ,
447 1252 532 1326 R.
577 1257 668 1326 Ν.
702 1258 855 1327 Ant.
900 1257 1009 1328 Ad
1039 1258 1226 1351 prob.
1267 1260 1380 1328 Tr.
1413 1259 1581 1347 Μαί.
1624 1259 1712 1327 D.
1758 1259 1930 1329 Min.
1977 1256 2195 1329 Rudas
2245 1279 2383 1329 non

357 1369 515 1433 sunt
536 1369 722 1436 testes
747 1364 963 1436 idonei
1003 1365 1085 1436 de
1120 1367 1286 1454 facto
1306 1416 1329 1446 ,
1371 1366 1456 1435 ad
1482 1366 1657 1456 quod
1695 1363 2170 1436 observandum
2197 1365 2384 1437 nulla
2504 1442 2514 1453 ,
2576 1426 2583 1433 .

339 1495 432 1545 ·re
457 1495 664 1565 opus,
713 1495 913 1564 quam
950 1475 1122 1544 sanis
1163 1473 1490 1552 sensibus,
1533 1474 1625 1542 N.
1657 1474 1827 1543 Min.
1865 1470 2016 1541 Non
2058 1471 2403 1547 suntidoe

356 1582 470 1649 nei
487 1580 571 1650 de
604 1582 859 1650 veritate
899 1580 1196 1651 miraculi
1221 1579 1649 1673 dijudicanda.
1688 1581 1761 1652 C.
1787 1581 1957 1651 Min.
1989 1585 2055 1649 et
2071 1579 2164 1647 N.
2195 1574 2404 1656 emm}

332 1682 508 1756 Duo
543 1689 786 1756 suntin
809 1689 1125 1758 miraculo
1146 1688 1631 1780 distinguenda:
1668 1687 1734 1757 1⁰
1786 1688 1943 1779 quid
1979 1690 2057 1758 sit
2094 1693 2375 1762 factum:

357 1796 431 1862 2·
468 1801 691 1864 utrum
719 1795 943 1865 datum
983 1798 1226 1865 factum
1258 1797 1338 1866 sit
1369 1796 1761 1867 miraculum
1788 1824 1806 1879 ;
1835 1797 2122 1890 primum
2163 1801 2339 1869 rudis
2353 1853 2374 1880 ‚

336 1903 523 1970 sicut
554 1903 776 1974 doctus
796 1904 1007 1991 testari
1044 1909 1289 1996 potest;
1334 1902 1612 1975 alterum
1641 1905 2004 1978 examinare
2044 1905 2382 1979 doctorum

358 2016 477 2079 est.

859 2344 889 2381 0
1105 2293 1450 2386 SECTIO
1520 2295 1642 2384 ΙΙΙ.

935 2551 1035 2620 :013
1066 2545 1536 2607 maraci-mun
1566 2539 1813 2603 uuum.

321 2813 329 2818 -
445 2765 560 2835 37.
611 2760 814 2832 Erant
844 2759 1217 2857 Philosophi
1277 2758 1579 2830 nonnulli
1606 2810 1624 2839 ,
1672 2759 1787 2850 qui
1823 2758 1983 2827 duce
2027 2756 2379 2831 Leibnitzio

319 2877 427 2942 -in
460 2870 815 2941 Germania
864 2875 929 2938 et
974 2868 1476 2938 Mallebranchi0
1523 2868 1594 2935 in
1639 2865 1849 2941 ,Gallie
1891 2868 2372 2945 contenderent.

324 3027 336 3036 -
364 2980 590 3049 omnia
617 2978 688 3046 in
720 2979 846 3046 hoc
874 2978 1173 3045 universo
1198 2975 1643 3067 perfectissime
1673 2967 1985 3055 dispositag
2011 2980 2199 3064 atque
2219 2978 2378 3044 adeo

325 3159 334 3168 ,
359 3085 691 3159 mundum
717 3086 897 3156 hunc
920 3090 1297 3177 praesentem
1317 3083 1614 3155 omnium
1637 3081 2031 3175 possibilium
2060 3085 2378 3177 optimum

426 3356 501 3422 (1)
525 3356 644 3408 Haec
666 3351 915 3417 responsio
947 3350 1079 3401 valet
1097 3348 1248 3400 etiam
1271 3347 1444 3398 contra
1479 3358 1590 3410 eos,
1615 3344 1703 3408 qui
1734 3342 1906 3396 dicunt
1920 3384 1932 3405 ,
1959 3342 2212 3393 diabolum
2242 3350 2379 3404 posse

356 3442 412 3479 se
437 3429 786 3479 muster-mare
802 3425 860 3475 in
879 3424 1126 3487 Angelum
1157 3420 1279 3471 lucis
1299 3424 1350 3470 et
1368 3420 1461 3484 sub
1489 3419 1650 3482 specie
1676 3417 1800 3484 ⁷boui
1830 3417 2020 3468 malum
2039 3415 2193 3466 finem
2214 3413 2378 3464 inten-

359 3499 505 3550 dere.
524 3496 761 3556 Quamvis
800 3494 937 3545 enim
964 3496 1207 3545 fateamur
1221 3530 1236 3555 ,
1274 3491 1530 3541 diabolum
1567 3488 1618 3540 id
1656 3502 1815 3555 posse,
1841 3500 2079 3553 negamus
2109 3490 2279 3537 tamen
2308 3486 2379 3535 ita

357 3581 502 3634 posse
518 3602 535 3633 ,
553 3571 613 3620 ut
647 3569 704 3620 in
742 3566 982 3618 miraculo
1001 3564 1195 3628 publico
1229 3563 1353 3613 sacto
1375 3561 1436 3611 ad
1472 3560 1897 3611 confirmationem
1917 3557 2122 3619 ancujus
2145 3557 2378 3607 doctrinas

360 3644 416 3692 et
438 3640 662 3692 invocato
683 3640 819 3703 prius
836 3637 932 3688 Dei
959 3635 1160 3687 nomine
1194 3635 1391 3685 nullum
1422 3632 1645 3685 medium
1665 3632 1858 3683 homini
1876 3630 2211 3693 suppeditetur
2240 3630 2377 3681 dete-

360 3713 512 3777 gendi
533 3709 1037 3763 fraudem—Gonia.
1052 3708 1290 3771 Bergier:
1313 3704 1511 3757 Deisme
1539 3704 1710 3769 restate'
1738 3716 1840 3769 par
1872 3700 2146 3753 lui-meme.
2171 3701 2377 3751 Germa-

361 3784 508 3836 nioe:
534 3784 634 3836 Der
646 3784 805 3837 Deiet.
821 3781 974 3845 Epist.
1001 3783 1079 3831 12.

426 3871 496 3938 (s)
521 3872 599 3922 lta
624 3873 725 3922 rere
758 3870 922 3925 nume
948 3885 964 3922 ι
988 3870 1162 3929 Essais
1193 3848 1839 3936 pmzosoiahiq.-÷voltaire=
1863 3862 2145 3925 Qum-⁴⁸1⁶·
2175 3861 2374 3924 veneu-

360 3942 584 4012 clopedie
604 3959 624 3998 .·
642 3943 892 4003 Min-acles.
1124 3950 1132 3954 ’
1565 3946 1574 3954 “
