2988 4832
1295 462 1421 533 123

331 600 492 661 cum
515 603 818 677 corporeg
863 600 1019 678 ergo
1055 583 1271 661 anima
1316 608 1453 659 non
1489 588 1587 661 est
1616 582 1959 661 substantia
2007 601 2046 661 a
2080 604 2349 680 corporo

326 689 626 769 dictincta
648 742 670 775 .
707 691 820 771 sed
844 693 950 772 vel
977 714 1209 786 corpus
1231 691 1337 767 vel
1363 693 1644 785 eorporis
1671 693 2077 769 modificatio.

391 881 395 885 ·
421 848 504 922 R.
531 853 617 922 D.
638 852 790 921 Ant.
811 851 1050 922 Anima
1067 851 1291 923 iisdem
1306 850 1762 921 mutationibus
1779 873 2027 943 semper
2045 857 2107 921 et
2124 852 2350 925 eodem

328 958 527 1030 modo
549 956 827 1052 subjacet
851 1012 868 1041 ,
899 959 988 1030 N.
1015 959 1167 1031 Ant.
1199 1012 1216 1038 ‚
1246 978 1399 1030 cum
1430 965 1602 1031 certe
1650 958 1921 1029 abscisso
1965 959 2225 1030 brachio
2245 961 2352 1030 vel

329 1069 497 1162 pede
535 1092 764 1162 corpus
791 1070 866 1140 fit
891 1069 1114 1143 minus
1130 1119 1151 1152 ,
1184 1070 1345 1160 quin
1374 1070 1596 1145 anima
1630 1070 1960 1151 minuatur
2004 1071 2113 1145 vel
2144 1075 2353 1143 muti-

330 1178 525 1263 letur.
562 1176 804 1247 Anima
836 1178 1292 1256 mutationibus
1313 1178 1597 1270 eorporis
1621 1176 1895 1253 afficitur
1915 1229 1934 1258 .
1989 1179 2063 1253 C.
2095 1180 2251 1255 Ant.
2285 1189 2387 1255 et.

329 1289 422 1359 N.
456 1288 633 1355 Cous.
676 1285 779 1356 Fit
801 1308 1036 1385 nempe
1064 1285 1131 1359 vi
1149 1285 1406 1355 unionis
1430 1287 1665 1359 animae
1689 1306 1841 1357 cum
1862 1307 2125 1378 corpore
2147 1309 2187 1357 a
2208 1287 2352 1359 Deo

328 1400 575 1464 statutae
589 1447 610 1475 ,
645 1399 720 1471 ut
743 1395 1070 1469 occasione
1097 1400 1422 1467 variarum
1469 1394 1751 1485 corporis
1795 1394 2348 1467 modificationum

332 1504 522 1573 etiam
550 1503 765 1583 anima
784 1502 990 1573 varias
1010 1500 1368 1597 experiatur
1388 1499 1779 1580 affectiones,
1810 1504 1884 1573 ut
1898 1523 2015 1595 per
2031 1524 2137 1572 eas
2155 1503 2353 1599 suiip-

331 1612 460 1681 sius
484 1611 658 1681 bono
688 1610 842 1681 sciat
868 1609 1223 1681 consulere.
1265 1607 1415 1678 Non
1439 1610 1652 1703 itaque
1672 1609 1889 1677 anima
1913 1660 1930 1688 ,
1965 1608 2077 1678 sed
2108 1632 2342 1707 corpus

333 1720 543 1817 solum
567 1768 585 1797 ,
621 1719 854 1788 animae
872 1719 1377 1787 instrumentum
1395 1767 1413 1796 ,
1441 1720 1749 1807 aegrotare
1771 1767 1788 1795 ,
1832 1738 2202 1807 puerascere
2235 1716 2349 1786 vel

330 1847 654 1897 senescere
681 1824 809 1896 dici
832 1832 1039 1918 potest
1064 1854 1083 1909 3
1117 1846 1279 1918 puer
1299 1824 1478 1894 enim
1506 1822 1718 1912 gravis
1738 1828 1804 1892 et
1826 1829 2123 1895 constans
2143 1830 2327 1904 esset,

327 1932 384 2003 εἰ
413 1931 533 2023 ipsi
553 1934 933 2027 experientia
961 1939 1028 2004 et
1057 1934 1353 2003 indurata
1377 1930 1676 2003 membra
1696 1932 1820 2001 viri
1840 1984 1859 2013 ,
1903 1940 1970 2003 et
1997 1955 2191 2004 senex
2217 1983 2238 2015 .
2270 1938 2348 2003 ut

327 2040 579 2132 juvenis
596 2091 615 2119 .
657 2039 903 2112 audiret
926 2047 992 2112 et
1020 2040 1264 2112 videret
1283 2092 1303 2120 ,
1341 2041 1397 2110 si
1422 2040 1543 2130 ipsi
1570 2038 1742 2110 oculi
1775 2044 1840 2110 et
1865 2035 2342 2135 nervi‘juvenis

326 2146 664 2221 dmentur.

417 2300 577 2375 Inst.
609 2293 706 2368 Ex
732 2299 910 2375 varia
936 2320 1328 2393 organorum
1353 2299 1804 2398 compositione
1830 2351 1850 2381 ‚
1886 2321 2022 2373 imo
2056 2319 2099 2369 a
2137 2300 2347 2399 quali-

324 2409 453 2475 tate
487 2403 613 2475 cibi
651 2406 965 2504 potusque
991 2459 1009 2488 ‚
1057 2428 1100 2482 a
1139 2405 1393 2478 climate
1432 2412 1559 2478 etc.
1607 2406 1973 2506 dependent
2018 2409 2348 2480 facultates

325 2514 564 2584 animae
589 2513 832 2605 ipsique
864 2533 1076 2586 mores
1095 2515 1442 2588 hominum
1483 2541 1504 2588 ε
1538 2517 1735 2610 -atqui
1760 2517 1903 2587 haec
1923 2513 2200 2612 probant
2230 2516 2340 2586 in-

323 2620 497 2692 victe
529 2618 817 2698 animam
852 2642 984 2693 esse
1007 2644 1379 2719 corpoream
1405 2652 1424 2706 ς
1458 2646 1618 2720 ergo
1625 2675 1758 2697 .....

420 2790 504 2868 R.
529 2782 1235 2888 Dssmj'inependeut
1259 2790 1394 2865 sub*
1411 2790 1632 2887 ‘aliquo
1665 2803 1953 2888 respectu
1978 2795 2015 2876 ,ἱ
2053 2798 2126 2867 C.
2166 2788 2339 2886 Has.

319 2899 470 2977 Sub
499 2902 679 2972 omni
697 2909 987 2995 respectu
1006 2954 1026 2985 ,
1053 2905 1145 2975 Ν.
1167 2906 1335 2992 Haj.
1358 2902 1528 2985 Quid
1544 2905 1720 2972 enim
1747 2955 1763 2982 .
1802 2904 1856 2971 si
1883 2903 1991 2975 vel
2019 2904 2228 2994 opifex
2258 2903 2340 2971 'ab

319 3009 768 3086 instrumentis
786 3061 806 3092 ‚
839 3009 1072 3104 quibus
1089 3011 1288 3080 utitur
1308 3062 1326 3091 ,
1350 3012 1423 3080 in
1443 3009 1733 3079 exercitio
1756 3030 1888 3078 suae
1906 3009 2060 3077 artis
2081 3009 2339 3101 depen-

320 3118 484 3200 det,
531 3118 749 3189 anima
788 3138 832 3188 a
877 3140 1142 3212 corpore
1178 3168 1199 3201 ‚
1255 3138 1538 3209 quocum
1593 3117 1829 3186 arctius
1875 3116 2291 3208 coniungitur
2316 3167 2340 3197 ‚

319 3242 531 3316 quam
556 3225 776 3295 artifex
802 3247 955 3296 cum
980 3226 1419 3300 instrumentis
1441 3278 1458 3305 ‚
1496 3245 1633 3295 non
1670 3223 2022 3315 dependeat
2039 3225 2076 3291 ἵ
2126 3221 2345 3313 ltaque

319 3331 748 3404 concedimus
762 3385 781 3414 ‚
814 3356 936 3427 pro
958 3335 1138 3404 vari&
1168 3354 1561 3426 organorum
1590 3333 1972 3426 perfectione
2009 3336 2074 3399 et
2109 3329 2346 3399 evolu-

322 3436 507 3510 tione
536 3439 728 3509 etiam
751 3442 959 3512 varias
997 3462 1132 3513 esse
1166 3440 1511 3518 facultates
1542 3440 1777 3512 animae
1816 3438 2206 3527 liberiusque
2232 3436 2343 3506 vel

322 3545 549 3618 minus
569 3546 846 3620 liberum
872 3550 1239 3622 exercitium
1268 3553 1406 3644 ejus
1441 3549 1767 3620 activitatis
1793 3577 1811 3631 ς
1848 3547 2206 3641 pariterque
2232 3596 2252 3627 ,
2303 3567 2345 3617 a

319 3657 772 3734 constitutione
798 3659 1083 3752 corporis
1114 3666 1183 3740 et
1214 3663 1720 3753 temperamento
1757 3657 2019 3751 physico
2063 3648 2373 3730 multum?

318 3763 696 3862 dependere
715 3766 1169 3851 characterem,
1194 3774 1270 3838 ut
1289 3791 1410 3862 pro
1426 3768 1604 3839 vario
1624 3768 2128 3862 temperamento
2145 3763 2341 3833 homo

317 3870 411 3950 sit
440 3873 540 3954 vel
568 3875 651 3950 ad
668 3874 1019 3972 voluptates
1044 3877 1149 3960 vel
1169 3877 1250 3954 ad
1271 3877 1433 3953 iram
1458 3877 1561 3950 vel
1586 3874 1668 3971 ad
1688 3871 2180 3955 melancholiam
2212 3878 2345 3959 etc.,

2364 2880 2384 2920 ἱ
