2988 4832
395 607 605 701 primo
634 606 829 699 hujus
873 603 1179 679 Sectionis
1192 656 1214 690 ,
1260 606 1372 679 sed
1400 624 1612 699 neque
1631 626 1749 701 per
1776 607 2243 681 emanationem
2271 608 2404 682 sive

392 722 833 789 transeuntem
871 718 1004 787 sive
1039 716 1509 787 immanentem
1537 715 1791 786 realiter
1814 738 1892 785 ex
1919 714 2055 785 Deo
2075 715 2394 811 profluxit.

385 825 480 894 uti
498 824 844 917 probatum
872 830 968 895 est
997 824 1213 916 Capite
1258 823 1692 918 praeoedenti;
1747 846 1899 916 ergo
1943 827 2294 897 necessario
2322 849 2400 899 ex

386 931 589 1005 nihilo
615 936 750 1005 tam
769 932 870 1004 sui
895 984 912 1011 ‚
942 955 1143 1026 quam
1162 932 1428 1024 subjecti
1452 936 1742 1003 actuatus
1763 953 1876 1001 seu
1899 931 1983 1002 ad
2004 934 2399 1007 existentiam

385 1038 688 1111 reductus
714 1040 997 1132 adeoque
1027 1047 1273 1113 creatus
1301 1045 1419 1110 est.
1452 1136 1457 1141 ι

473 1177 543 1246 2·
586 1178 665 1246 Et
678 1201 831 1249 vero
852 1180 1134 1249 mundus
1156 1179 1270 1248 iste
1295 1186 1388 1248 est
1410 1179 1629 1250 finitus
1648 1188 1713 1250 ct
1734 1178 2057 1253 mutabilis
2082 1206 2103 1262 ς
2140 1185 2397 1252 constat

383 1291 556 1359 enim
582 1288 866 1379 partibus
883 1288 1077 1359 finitis
1098 1292 1165 1361 et
1188 1287 1601 1359 mutabilibus
1631 1313 1647 1357 :
1681 1289 1858 1380 atqui
1889 1287 2062 1380 quod
2092 1292 2187 1357 est
2242 1288 2395 1357 fini-
2492 1348 2496 1354 .

382 1401 523 1462 tum
549 1401 611 1463 et
638 1396 945 1465 mutabile
966 1447 984 1477 ,
1024 1414 1161 1466 non
1177 1399 1332 1466 esta
1356 1390 1416 1464 ἑο
1435 1417 1559 1465 nec
1579 1395 2009 1465 necessarium
2029 1424 2046 1477 3
2076 1416 2193 1464 ens
2215 1395 2393 1464 enim

379 1528 423 1571 a
446 1527 507 1570 se
531 1508 596 1572 et
624 1505 1051 1574 necessarium
1077 1510 1171 1574 est
1203 1504 1529 1573 infinitum
1552 1509 1615 1571 et
1646 1502 2041 1573 immutabile
2073 1501 2189 1593 (1);
2239 1523 2393 1591 ergo

380 1608 665 1680 mundus
683 1613 798 1681 iste
816 1618 910 1681 est
932 1613 1015 1682 ab
1034 1614 1158 1681 alio
1191 1617 1256 1682 et
1279 1613 1659 1703 contingens
1685 1610 1967 1701 adeoque
1994 1611 2339 1701 productus
2367 1637 2384 1679 ε

379 1719 553 1810 atqui
593 1719 767 1811 quod
811 1725 903 1788 est
942 1720 1331 1813 productum
1354 1769 1373 1797 ,
1424 1717 1769 1810 aliquando
1817 1715 1982 1789 nihil
2024 1718 2145 1788 fuit
2172 1744 2191 1799 ς
2227 1741 2390 1810 ergo

377 1824 663 1897 mundus
678 1827 794 1897 iste
823 1832 918 1899 est
942 1826 1288 1921 productus
1314 1847 1394 1898 ex
1424 1825 1629 1896 nihilo
1656 1825 1943 1914 adeoque
1971 1832 2246 1901 creatus.

1060 2033 1674 2114 OBJECTIONES

462 2247 576 2322 23.
647 2249 816 2325 osss.
891 2256 959 2320 1·
1002 2248 1286 2319 Mundus
1327 2252 1443 2318 iste
1461 2299 1481 2327 .
1530 2248 1586 2318 si
1622 2247 1703 2319 sit
1746 2254 1992 2320 creatus
2002 2250 2035 2330 ‚⁹
2065 2262 2159 2320 est
2202 2249 2386 2319 limi-

372 2360 538 2427 tatus
571 2382 588 2427 :
629 2359 803 2449 atqui
827 2357 1000 2428 Deus
1020 2409 1036 2436 ,
1068 2352 1290 2448 ‘utpote
1320 2354 1608 2427 infinitus
1624 2406 1639 2436 ‚
1676 2376 1811 2429 non
1832 2363 2034 2451 potest
2065 2359 2136 2428 in
2170 2380 2238 2429 se
2269 2358 2385 2429 ha-

372 2464 525 2562 bere
566 2467 954 2561 principium
982 2465 1412 2549 limitationis;
1451 2486 1609 2562 ergo
1651 2487 1775 2539 nec
1822 2468 2027 2561 potuit
2055 2467 2382 2538 mundum

367 2570 717 2646 Emitatum
739 2595 983 2646 creare.

451 2724 541 2799 R.
575 2728 650 2797 C.
681 2729 850 2815 Mas.
883 2714 1057 2815 Neqs
1072 2727 1327 2817 Suppes.
1363 2727 1662 2796 Minoris.
1694 2724 2009 2818 Supponit
2035 2727 2215 2798 enim
2242 2725 2373 2798 Mi·

369 2854 510 2913 nor,
533 2835 921 2927 principium
938 2834 1330 2903 limitationis
1350 2832 1580 2903 debere
1598 2855 1730 2902 esse
1752 2834 1824 2903 in
1841 2833 1978 2904 Deo
1999 2835 2125 2904 hoc
2144 2855 2336 2904 sensu
2349 2883 2371 2916 .

367 2943 550 3033 quasi
573 2964 691 3035 per
708 2943 833 3010 hoc
852 2939 1026 3009 Deus
1044 2943 1177 3032 ipse
1192 2941 1593 3011 limitaretur.
1619 2938 1821 3012 Porro
1843 2941 1970 3011 hoc
1991 2946 2086 3010 est
2108 2941 2371 3014 falsum.

365 3045 539 3119 Deus
556 3050 735 3117 enim
754 3049 977 3118 volens
1014 3068 1232 3119 creare
1245 3100 1268 3130 ‚
1293 3048 1421 3119 hoc
1447 3050 1617 3146 ipso,
1656 3048 1829 3141 quod
1857 3049 2061 3117 creari
2090 3047 2377 3118 involvat

366 3153 854 3248 dependentiam
895 3155 979 3226 ab
1024 3157 1150 3225 alio
1166 3206 1188 3236 ‚
1220 3158 1721 3250 contingentiam
1767 3155 2050 3247 adeoque
2081 3154 2373 3225 finitudi-

364 3282 520 3332 nem
538 3312 559 3343 .
607 3262 776 3333 videt
823 3285 925 3334 res
955 3264 1259 3340 creandas
1307 3265 1659 3335 necessario
1708 3265 1843 3334 fore
1892 3263 2191 3334 limitatas
2217 3314 2235 3344 ,
2285 3265 2374 3338 ita

366 3370 625 3461 quidem
651 3420 689 3452 ‚0
722 3376 795 3439 ut
831 3370 1002 3442 Deus
1018 3385 1046 3455 ,‘
1079 3376 1224 3441 utut
1264 3372 1550 3442 infinitus
1576 3373 1709 3464 ipse
1729 3424 1748 3454 ,
1783 3372 2110 3442 infinitum
2149 3376 2371 3445 tamen

362 3495 578 3544 creare
607 3497 945 3567 nunquam
967 3481 1200 3571 possit,
1249 3485 1464 3573 utpote
1496 3479 1668 3571 quod
1691 3480 2027 3550 intrinsece
2051 3486 2370 3572 repugnat

366 3603 517 3651 cum
543 3582 685 3652 idea
722 3586 1073 3657 creationis.
1109 3587 1281 3677 Ergo
1326 3590 1705 3679 principium
1735 3587 2064 3659 creationis
2096 3579 2162 3657 et
2205 3588 2366 3660 hinc

366 3695 669 3763 creaturae
688 3695 1021 3784 positivum
1057 3703 1150 3766 est
1181 3697 1253 3765 in
1278 3694 1413 3767 Deo
1432 3747 1451 3777 ,
1487 3702 1552 3769 et
1574 3696 1835 3770 cuidem
1866 3695 2215 3770 infinitum.
2258 3694 2366 3767 Uti

408 3896 495 3967 (ι)
526 3896 687 3955 ουτοι.
708 3899 842 3956 Part.
863 3903 929 3957 11.
950 3903 1075 3958 sect.
1100 3906 1148 3955 2.
1179 3902 1298 3968 cap.
1317 3905 1349 3953 2
1371 3905 1421 3956 et
1442 3905 1490 3978 a.
1518 3902 1638 3968 Peg.
1674 3903 1768 3956 245
1799 3906 1851 3957 et
1879 3906 1992 3962 πο.
