2988 4832
1650 493 1783 567 264

727 636 920 708 capax
945 645 960 697 ;
995 635 1151 710 ergo
1181 639 1282 687 ens
1303 640 1346 687 a
1374 639 1437 688 se
1479 598 1764 710 adeoque
1790 639 1907 690 ens
1933 616 2357 704 necessarium
2376 629 2511 687 non
2531 615 2716 709 poten
2801 658 2809 669 =

724 734 858 790 esse
898 724 1151 793 finitum
1181 779 1197 806 ‚
1231 726 1513 817 adeoque
1542 719 2323 797 estnecessarioinfinitum
2340 774 2358 804 ,
2395 728 2555 815 ‘ergo
2581 723 2717 794 exis·

725 829 798 896 tit
839 828 1012 900 Deus
1044 832 1153 923 (1).
2399 837 2405 847 '

805 1079 854 1147 1)
879 1081 1007 1134 Vide
1021 1085 1170 1137 etiam
1189 1086 1349 1142 Onlol.
1368 1090 1508 1146 Part.
1538 1093 1603 1144 11.
1624 1093 1804 1145 Sect.2.
1826 1092 1947 1156 Cap.
1965 1092 2013 1142 1.
2034 1092 2155 1154 Pag.
2176 1089 2293 1140 233.
2313 1085 2379 1138 Ut
2395 1090 2565 1140 tamen
2579 1086 2720 1139 totum

719 1149 816 1202 hoc
837 1161 1189 1218 argumentum
1215 1161 1394 1212 clarius
1413 1163 1519 1225 fiat,
1541 1168 1694 1227 utque
1710 1165 1894 1214 nebula
1911 1163 2138 1226 quaedam
2150 1197 2166 1222 ,
2186 1170 2297 1224 quae
2319 1162 2594 1226 generatim
2610 1159 2721 1209 cirea

720 1216 845 1274 illud
864 1230 1084 1278 mentem
1108 1229 1355 1290 juvenum
1373 1239 1611 1298 occupat,
1632 1236 1825 1298 penitus
1839 1235 2084 1296 dispareat
2098 1268 2115 1295 ,
2135 1245 2239 1282 non
2258 1233 2344 1283 abs
2359 1245 2416 1282 re
2436 1232 2534 1282 erit
2545 1264 2563 1294 ,
2584 1233 2720 1281 totam

719 1297 1059 1359 probationem
1078 1303 1223 1363 paulo
1249 1303 1402 1355 fusius
1422 1309 1706 1357 enucleare.
1728 1307 1900 1369 Itaque

782 1385 889 1437 Eas
909 1401 941 1438 a
960 1402 1014 1438 se
1042 1389 1222 1441 dicitur
1255 1391 1507 1458 infinitam
1526 1408 1590 1444 ex
1612 1396 1706 1445 hoc
1719 1431 1736 1458 ,
1758 1395 1891 1458 quod
1912 1395 2087 1445 existat
2113 1396 2167 1445 vi
2183 1395 2405 1446 essentiae
2421 1407 2548 1445 suoe.
2572 1392 2660 1442 Sed
2678 1390 2720 1439 vi

723 1455 866 1517 cnjus
885 1459 1104 1509 essentiae
1122 1461 1270 1513 debet
1285 1464 1493 1515 existere
1516 1479 1603 1515 ens
1620 1480 1650 1515 a
1666 1481 1738 1531 se,
1757 1470 1815 1520 ut
1835 1466 2105 1517 necessario
2126 1467 2379 1517 infinitum
2399 1461 2723 1527 concipiatur?

719 1522 834 1576 Non
851 1541 970 1579 sane
995 1530 1046 1579 vi
1061 1533 1280 1584 essentiae
1311 1535 1664 1601 cuiuscumque
1681 1573 1698 1602 ,
1720 1539 1807 1588 sed
1830 1538 1884 1589 vi
1900 1539 2124 1589 essentioe
2142 1536 2397 1591 absolute.
2417 1536 2564 1596 Quod
2581 1539 2637 1586 ut
2651 1534 2720 1584 in·

717 1599 993 1664 telligatur,
1017 1603 1360 1672 advertamus;

782 1687 834 1753 a)
857 1689 1133 1742 Essentiam
1152 1696 1281 1745 entis
1301 1696 1357 1746 in
1377 1699 1507 1748 statu
1525 1699 1856 1763 metaphysico
1880 1703 1929 1750 et
1947 1699 2168 1761 ejusdem
2178 1695 2567 1764 possibilitatem
2585 1696 2721 1747 inter-

722 1769 842 1808 nam
860 1763 1059 1814 realiter
1082 1765 1374 1817 identificari
1396 1768 1485 1834 (1),
1511 1773 1658 1832 atque
1680 1772 1802 1821 adeo
1824 1770 1918 1821 sibi
1937 1775 2111 1821 mutuo
2130 1771 2360 1822 substitui
2377 1783 2519 1834 poaee
2534 1791 2557 1830 ς
2705 1776 2712 1787 “

778 1850 829 1911 ὁ)
850 1852 1044 1906 Possibi
1046 1855 1234 1907 litatem
1255 1858 1500 1910 internam
1519 1874 1624 1912 esse
1639 1861 1886 1924 duplicem
1901 1897 1918 1925 ‚
1939 1860 2202 1912 relativam
2220 1865 2273 1912 et
2287 1860 2584 1912 absolutam.
2602 1858 2722 1910 Rela-

720 1923 824 1973 iiva
847 1924 932 1975 illa
959 1926 1048 1991 est,
1075 1942 1185 1990 quae
1218 1930 1273 1980 in
1294 1945 1382 1980 suo
1404 1937 1643 1994 conceptu
1681 1933 1890 1983 includit
1919 1934 2244 1983 necessariam
2264 1933 2558 1982 relationem
2574 1931 2633 1980 ad
2652 1942 2720 1978 ra·

721 1995 909 2046 tionem
927 1998 1253 2051 sufficientem
1274 2002 1543 2054 existentioe
1566 2005 1766 2054 actualis
1784 2004 1879 2053 sibi
1898 2004 2224 2055 extrinsecam
2248 2019 2263 2054 t
2286 2003 2511 2054 absolata
2531 2006 2643 2053 vero
2660 2013 2722 2062 est

721 2064 809 2116 illa
822 2104 838 2132 ,
860 2082 981 2135 (με,
1007 2072 1196 2121 nullam
1227 2073 1518 2124 relationem
1539 2075 1603 2124 ad
1622 2077 1865 2125 rationem
1885 2076 2213 2125 sufficientem
2244 2076 2519 2126 existentiae
2541 2076 2719 2127 actualis

718 2139 814 2188 sibi
847 2141 1170 2193 extrinsecam
1204 2144 1423 2194 continet
1440 2179 1458 2206 ‚
1481 2148 1533 2195 et
1567 2144 1622 2195 in
1642 2146 1781 2208 cujus
1816 2151 2170 2208 consequenter
2191 2151 2433 2209 conceptu
2465 2148 2576 2196 haec
2611 2145 2719 2196 ratio

717 2210 962 2263 :afficiens
996 2212 1265 2265 necessario
1286 2216 1554 2268 involvitur
1571 2218 1672 2281 qua
1690 2222 1810 2270 nota
1828 2220 2139 2273 constitutiva
2164 2223 2213 2271 et
2235 2217 2517 2270 essentialis
2534 2253 2553 2282 ‚
2589 2218 2653 2267 ita
2671 2220 2719 2268 ut

721 2280 829 2333 aine
848 2284 941 2334 hac
962 2284 1065 2347 ipsa
1084 2287 1370 2348 possibilitas
1389 2289 1611 2339 absoluta
1630 2304 1720 2341 nec
1740 2304 1844 2342 esse
1863 2304 1957 2342 nec
1975 2290 2167 2353 concipi
2187 2290 2356 2357 possit:
2375 2289 2513 2340 unde

777 2381 824 2448 c)
843 2382 1153 2437 Possibilitas
1171 2386 1364 2439 interna
1384 2401 1475 2439 seu
1506 2390 1715 2441 essentia
1731 2426 1749 2454 ‚
1783 2390 1839 2442 vi
1868 2390 2013 2457 cujas
2035 2391 2134 2454 {ens
2162 2405 2195 2441 a
2229 2403 2283 2441 se
2318 2391 2391 2440 ita
2417 2389 2630 2456 existat,
2669 2390 2719 2439 ut

716 2465 813 2503 non
840 2456 1000 2519 possit
1018 2459 1208 2522 concipi
1225 2473 1322 2509 non
1344 2461 1559 2511 existere
1572 2496 1589 2524 ‚
1621 2476 1726 2512 non
1745 2466 1931 2513 estnec
1949 2476 2054 2513 esse
2081 2465 2240 2525 potest
2271 2459 2584 2526 possibilitas
2601 2460 2717 2511 nla-

718 2525 852 2587 ffvav
895 2531 1064 2594 utpote
1107 2543 1216 2591 quse
1258 2530 1314 2580 in
1371 2546 1460 2581 suo
1493 2536 1733 2596 conceptu
1776 2538 1891 2595 {non
1933 2535 2205 2585 necessario
2249 2533 2457 2585 involvit
2497 2534 2719 2583 actualem

719 2596 1028 2648 existentiam
1047 2612 1063 2662 ;
1083 2601 1168 2649 sed
1197 2605 1270 2654 est
1276 2602 1588 2665 possibilitas
1606 2609 1658 2655 et
1674 2605 1787 2657 hinc
1805 2607 2018 2656 essentia
2037 2605 2294 2669 absoluta,
2310 2609 2480 2668 utpote
2510 2619 2619 2669 quoe
2634 2605 2720 2667 qua

722 2672 894 2717 notam
919 2671 996 2719 sui
1027 2671 1391 2723 constitutivam
1424 2674 1631 2725 involvit
1652 2678 1894 2730 actualem
1913 2678 2160 2729 rationem
2174 2678 2505 2729 sufficientem
2525 2678 2717 2730 existen·

719 2737 799 2787 tim
818 2775 832 2802 ,
857 2743 906 2788 et
926 2746 1281 2803 consequenter
1296 2758 1398 2794 non
1416 2749 1578 2808 potest,
1590 2748 1780 2810 concipi
1799 2762 1902 2799 non
1921 2749 2148 2800 existens.
2177 2749 2292 2800 Jam
2308 2764 2428 2802 vero

775 2826 834 2892 d)
862 2828 1010 2881 Nulla
1028 2832 1124 2881 alia
1159 2834 1446 2895 possibilitas
1468 2837 1667 2889 interna
1699 2852 1790 2891 seu
1822 2840 2033 2891 essentia
2070 2842 2312 2892 actualem
2334 2842 2581 2895 rationem
2596 2841 2733 2892 sum-a

723 2898 936 2950 cientem
958 2904 1229 2955 existentiae
1255 2908 1473 2971 adeoque
1513 2912 1757 2961 actualem
1792 2912 2106 2965 existentiam
2140 2913 2211 2963 ita
2244 2914 2519 2965 necessario
2558 2914 2613 2963 in
2642 2926 2719 2962 suo

720 2976 961 3034 conceptu
981 2974 1221 3040 involvit,
1243 2983 1300 3027 ut
1331 2994 1433 3030 non
1457 2982 1609 3045 possit
1630 2982 1821 3045 concipi
1848 2997 1950 3034 non
1979 2984 2190 3035 existens
2206 3019 2225 3047 ‚
2261 2999 2412 3048 quam
2424 2986 2720 3051 possibilitas

717 3056 805 3092 seu
824 3046 1032 3097 essentia
1057 3048 1375 3115 realissima,·
1395 3056 1563 3116 utpote
1581 3068 1690 3117 quae
1710 3054 1819 3105 sola
1841 3056 1935 3105 hoc
1952 3055 2056 3118 ipso
2072 3091 2089 3120 ‚
2114 3057 2247 3119 quod
2278 3057 2506 3121 omnibus
2526 3056 2718 3110 omnino

714 3114 1034 3167 realitatibus
1057 3123 1327 3172 necessario
1348 3126 1613 3175 constituta
1644 3125 1977 3191 concipiatur,
1998 3127 2150 3179 etiam
2172 3129 2443 3196 necessario
2461 3129 2719 3191 concipitur

718 3184 773 3233 in
795 3200 847 3237 se
867 3192 1119 3241 continere
1138 3195 1391 3244 actualem
1409 3198 1655 3247 rationem
1682 3197 2009 3249 sufficientem
2028 3198 2297 3249 existentiae
2329 3199 2549 3263 adeoque
2568 3201 2719 3250 actua·

718 3263 823 3314 lem
837 3262 1176 3329 existentiam3
1197 3277 1316 3328 ergo
1338 3264 1543 3318 demum

675 3343 684 3353 '
772 3350 820 3418 e)
839 3350 1062 3403 Essentia
1086 3366 1176 3403 seu
1195 3354 1488 3417 possibilitas
1507 3356 1732 3421 interna,
1750 3358 1802 3409 vi
1824 3355 1965 3420 cujus
1984 3371 2073 3409 ens
2099 3372 2132 3428 a
2147 3373 2200 3410 se
2224 3360 2371 3410 debet
2398 3361 2609 3411 existere
2626 3394 2644 3424 ,
2664 3360 2719 3428 ut

721 3423 977 3475 inlinitum
995 3436 1098 3480 csse
1125 3425 1360 3487 probetur
1375 3461 1392 3488 ,
1412 3430 1486 3476 est
1504 3429 1613 3478 sola
1640 3429 1951 3493 possibilitas
1967 3444 2057 3481 seu
2073 3431 2282 3482 essentia
2300 3430 2525 3483 absoluta
2540 3435 2591 3482 et
2611 3443 2717 3480 con-

715 3497 979 3557 sequenter
999 3495 1304 3548 realissima.
1321 3496 1424 3547 Eas
1442 3510 1560 3550 vero
1578 3533 1596 3563 ,
1624 3500 1763 3561 cujus
1782 3502 1993 3552 essentia
2011 3504 2086 3552 est
2109 3502 2405 3565 realissima,
2434 3503 2529 3553 hoc
2558 3503 2657 3565 ips·
2675 3504 2718 3550 et

713 3565 880 3632 ipsam
899 3566 1236 3618 realis-simum
1259 3568 1329 3619 sit
1350 3572 1558 3631 oportet.
1601 3570 1734 3637 Ergo

716 3677 760 3779 -Γ
775 3655 880 3738 Eas
899 3669 932 3707 a
949 3669 1004 3707 ee
1021 3656 1116 3709 hoc
1135 3658 1266 3724 ipso,
1290 3660 1423 3723 quod
1453 3660 1517 3711 sit
1535 3676 1568 3712 a
1582 3675 1637 3712 se
1653 3675 1741 3714 seu
1755 3663 1810 3715 vi
1825 3677 1931 3716 saoe
1948 3665 2198 3731 essentiae,
2224 3669 2300 3720 est
2327 3665 2599 3721 accessam»
2613 3676 2715 3716 rea-

738 3740 987 3781 tssamum.
1503 3747 1508 3752 ·

767 3898 823 3978 (Ιὶ)
855 3897 986 3946 Ontol.
1015 3903 1125 3946 rari.
1142 3904 1176 3947 t.
1191 3904 1303 3953 Soet.
1318 3906 1354 3950 1.
1383 3907 1484 3966 0⁸1²·
1500 3908 1545 3953 2.
1574 3923 1618 3959 n.
1639 3906 1734 3964 ¹28,
1750 3910 1847 3969 rag.
1869 3910 1965 3969 202,
