2988 4832
696 635 776 710 fl.
823 637 986 723 Quia
1007 689 1027 720 ,
1069 636 1185 709 ubi
1230 623 1544 709 sanctitas
1570 645 1631 708 et
1660 634 2000 732 sapientia*
2009 645 2096 707 se·
2123 647 2260 705 non
2307 627 2573 727 opponit
2602 680 2621 710 ‚

604 746 738 838 agit
779 748 1243 830 misericordia3
1283 749 1421 840 jam
1447 770 1600 817 vero
1623 747 1795 817 bono
1828 746 2084 838 publico
2121 751 2184 814 et
2219 743 2434 813 ordini
2462 761 2633 833 prae-

590 855 803 923 ‘electo
850 876 985 924 non
1035 860 1264 934 nocet,
1320 855 1601 946 adeoque
1639 856 1958 949 sapientiae
2008 858 2073 922 et
2124 853 2437 923 sanctitati
2486 872 2628 919 non

603 963 947 1052 opponitur
968 1013 986 1041 ‚
1033 968 1106 1030 ut
1132 962 1447 1052 aliquibus
1475 968 1693 1052 parcat
1717 1014 1735 1042 ‚
1786 954 2044 1031 noceret
2071 981 2224 1030 vero
2249 1013 2265 1039 ,
2309 962 2362 1028 si
2388 981 2630 1051 parce-—

604 1075 702 1137 ret
727 1070 1069 1138 omnihus:
1103 1092 1224 1137 nec
1252 1076 1583 1160 propterea
1606 1070 1700 1138 iili
1719 1123 1734 1148 ,
1772 1071 2002 1159 quibus
2028 1091 2163 1136 non
2194 1069 2428 1160 parcit,
2462 1088 2629 1138 con-

607 1177 788 1267 queri
812 1180 1109 1268 possunt,
1145 1176 1293 1266 quia
1320 1199 1545 1245 omnes
1575 1176 1753 1268 digni
1781 1182 1931 1246 sunt
1954 1177 2172 1269 poenfi.

1358 1355 1743 1411 ARTICULUS
1779 1357 1869 1413 lv,

1249 1488 1342 1554 De
1370 1489 1805 1576 omnipotentia
1833 1485 1955 1553 Dei

698 1652 848 1736 169'.
895 1664 1358 1734 Gummi-nuru
1395 1670 1489 1732 est
1530 1668 1625 1731 vis
1672 1667 2000 1732 reducendi
2053 1667 2138 1732 ad
2187 1665 2582 1734 nascentiam
2606 1716 2623 1744 .

610 1775 906 1862 quidquid
950 1772 1022 1838 in
1076 1797 1135 1838 se
1182 1774 1423 1862 ‘nullam
1477 1773 1735 1839 involvit
1787 1775 2262 1860 repuqnantiam
2290 1824 2307 1852 ‚
2373 1794 2489 1841 seu
2531 1773 2628 1838 vis

609 1884 817 1947 omnia
869 1903 948 1947 ex
990 1881 1188 1946 nihilo
1230 1882 1460 1970 soloque
1502 1880 1833 1946 voluntatis
1873 1892 2032 1946 nutu
2067 1881 2393 1968 efficiendi.
2440 1878 2628 1948 Prior

610 1985 892 2057 definitio
922 1988 1208 2079 explicite
1230 1988 1431 2056 solam
1455 1988 1590 2057 vim
1627 1985 1921 2065 creandi,
1956 1988 2259 2077 posterior
2284 2010 2437 2056 vero
2465 2009 2627 2078 prae-

606 2098 778 2163 terea
816 2095 953 2164 vim
988 2094 1383 2186 producendi
1423 2094 1507 2162 ad
1546 2100 1720 2162 extra
1758 2093 2014 2161 effectus
2054 2116 2468 2184 quoscunque
2494 2096 2625 2162 sive

608 2201 928 2271 naturales
966 2203 1096 2270 sive
1130 2203 1640 2293 supernaturales
1667 2202 1961 2280 denotat,
2005 2200 2288 2291 adeoque
2315 2200 2503 2291 plura
2524 2202 2625 2268 di·-

608 2312 778 2379 vina>
806 2311 1278 2402 omnipotentiae
1303 2309 1599 2376 attributa
1616 2361 1632 2388 ,
1668 2308 1763 2376 uti
1790 2308 2336 2377 conservationem
2360 2328 2587 2377 rerum
2602 2361 2619 2387 ,

608 2418 728 2487 Dei
756 2420 838 2487 ad
868 2420 1144 2487 actiones
1196 2425 1503 2486 creaturae
1554 2439 1943 2485 concursum
1993 2423 2117 2485 etc.
2156 2414 2620 2508 complectitur.

608 2526 750 2605 Quo
788 2548 979 2593 sensu
1014 2527 1091 2592 sit
1127 2576 1145 2593 .

701 2685 855 2754 170.
900 2682 1143 2751 ΡΒΟΡ.
1175 2681 1226 2751 l.
1264 2682 1431 2752 Dsus
1459 2706 1566 2752 Esr
1594 2705 1995 2759 enimomne-

694 2823 887 2891 Proh.
925 2819 980 2889 1⁰
1020 2820 1308 2889 Potentia
1334 2844 1448 2892 seu
1485 2829 1581 2893 vis
1614 2824 1847 2916 agendi
1885 2831 1979 2894 est
2004 2835 2363 2917 perfectio}¹
2385 2850 2543 2921 ergo
2566 2834 2630 2897 et

605 2953 676 3001 m
715 2929 851 3000 Deo
881 2932 967 2999 sitw
990 2934 1233 3021 oportet
1276 2955 1295 2997 ι
1327 2931 1439 2999 sed
1468 2931 1777 3023 quidquid
1806 2934 1876 3001 in
1905 2932 2042 3002 Deo
2083 2940 2215 3014 est,
2268 2942 2360 3004 est
2402 2939 2626 3005 infini—

605 3046 796 3121 ωιτη
841 3060 994 3129 ergo
1036 3042 1100 3105 et
1143 3039 1421 3130 potentia
1460 3040 1533 3105 in
1564 3038 1702 3107 Deo
1739 3045 1836 3128 est
1865 3044 2124 3130 infinita
2149 3080 2170 3120 ,-
2217 3044 2349 3110 sive
2383 3047 2624 3110 emita-

607 3151 726 3215 tive
741 3195 763 3227 ,
808 3152 882 3213 ut
909 3167 1045 3213 non
1094 3146 1173 3215 sit
1221 3146 1500 3236 potentia
1548 3146 2048 3215 determinabilis
2080 3148 2161 3216 ad
2205 3156 2426 3219 actum
2442 3202 2465 3230 ,
2510 3150 2629 3219 sed

608 3261 774 3324 totus
816 3260 993 3321 actus
1015 3303 1033 3331 ‚
1076 3257 1142 3321 et
1182 3254 1458 3344 potentia
1505 3260 1767 3322 vocetur
1802 3260 2052 3323 tantum
2094 3263 2385 3349 respectu
2417 3258 2629 3354 liber·-

608 3364 748 3436 tatis
770 3359 1073 3429 tendendi
1100 3382 1210 3429 seu
1244 3362 1662 3441 terminandi3
1684 3364 1827 3430 sive
1858 3366 2058 3452 quoad
2084 3365 2328 3432 mediam
2358 3371 2584 3456 agendi
2598 3421 2618 3448 ,

610 3475 683 3540 ut
718 3492 877 3563 opus
921 3490 1054 3537 non
1096 3468 1326 3536 habeat
1353 3468 1622 3538 materia
1646 3470 1782 3537 ulla
1822 3476 1933 3538 aut
1970 3472 2441 3555 instrumento;
2490 3477 2628 3545 sive

610 3579 808 3665 quoad
857 3578 1174 3666 objectum,
1225 3581 1299 3642 ut
1344 3576 1528 3670 nullo
1574 3576 1971 3667 objectorum
2012 3581 2122 3646 vel
2154 3581 2629 3671 perfectionum

609 3683 1061 3774 producturum
1094 3705 1367 3750 numero
1404 3683 1655 3751 infinita
1685 3684 1917 3752 divinae
1945 3688 2230 3762 essentiae
2271 3688 2628 3781 participa-

611 3788 819 3878 bilitas
863 3812 975 3862 seu
1013 3791 1212 3863 virtus
1255 3792 1693 3871 exhauriatur,
1739 3792 2024 3885 adeoque
2047 3792 2224 3863 Deus
2266 3787 2363 3866 cst
2404 3795 2628 3870 omni-

536 3909 541 3913 ’
610 3902 856 3990 potens.
