2988 4832
1470 423 1475 428 ’
1600 463 1730 534 276

652 610 820 661 cesse
844 597 942 660 est
974 586 1355 660 concludere
1388 584 1484 661 ad‘
1503 595 1794 688 opificem
1825 594 2196 686 sapientem.
2240 576 2370 659 Vel
2397 609 2485 658 an
2506 586 2666 659 forte

647 702 873 768 auctor
911 697 1143 768 mundi
1166 748 1187 776 ‚
1232 698 1346 790 qui
1404 703 1650 769 tantam
1711 700 2197 791 intelligentiam
2250 694 2539 793 patefecit
2596 694 2667 764 in

647 807 1011 897 compositis
1029 856 1051 886 ,
1097 827 1241 895 quae
1288 807 1590 875 novimus
1611 858 1632 887 ‚
1677 805 2100 898 intelligentia
2163 804 2381 875 caruit.
2413 804 2486 872 in
2535 800 2614 871 iis
2643 849 2661 880 .

549 933 550 956 ³
647 931 931 1001 quorum
965 913 1130 981 fines
1155 934 1276 982 nos
1302 907 1612 983 imbecilli
1638 916 1899 1007 ingenio
1939 936 2078 983 non
2109 914 2509 1004 assequimur
2525 915 2566 980 ‘P

734 1018 898 1088 Inst.
947 1015 1016 1088 3⁰
1051 1017 1121 1087 Si
1158 1025 1380 1089 auctor
1434 1022 1668 1091 mundi
1721 1028 1880 1091 esset
1930 1043 2046 1090 ens
2088 1020 2620 1113 perfectissimum
2647 1068 2664 1097 .

645 1125 931 1194 mundus
961 1133 1120 1195 esset
1149 1129 1678 1219 perfectissimus:
1712 1130 1890 1219 atqui
1917 1127 2205 1198 mundus
2226 1149 2363 1195 non
2392 1130 2487 1194 est
2512 1148 2672 1218 per-

644 1232 1021 1330 fectissimus
1050 1262 1069 1316 ;
1098 1236 1304 1303 multa
1339 1236 1523 1305 enim
1554 1240 1709 1305 sunt
1731 1233 2018 1315 inutilia,
2055 1235 2190 1304 imo
2219 1234 2414 1304 etiam
2446 1233 2672 1302 nociva

642 1342 718 1413 in
747 1342 875 1413 hoc
898 1342 1187 1424 mundo;
1222 1366 1376 1434 ergo
1384 1394 1520 1414 .....

732 1490 815 1563 R.
861 1494 951 1563 D.
997 1494 1163 1582 Maj.
1210 1492 1493 1588 Mundus
1537 1500 1699 1567 esset
1749 1497 2240 1588 perfectissimus
2287 1493 2672 1586 perfectione

649 1599 957 1681 absoluta,
981 1603 1069 1671 N.
1102 1604 1268 1690 Maj.
1292 1600 1690 1672 Perfectione
1720 1603 2006 1682 relativa,
2042 1604 2116 1674 C.
2147 1604 2316 1688 MaJ'.
2347 1597 2474 1669 Res
2496 1601 2672 1669 enim

648 1706 951 1776 creabiles
976 1731 1203 1778 omnes
1235 1710 1494 1778 nonnisi
1539 1710 1737 1779 finitae
1767 1732 1807 1779 a
1835 1710 2141 1803 sapientia
2191 1707 2403 1792 etiam·
2421 1705 2672 1778 infinita

651 1815 945 1905 cognosci
985 1820 1246 1905 possunt
1284 1815 1567 1908 adeoque
1616 1815 1688 1887 in
1739 1837 1966 1885 carum
2023 1815 2340 1886 creatione
2415 1814 2674 1884 nonnisi

649 1919 824 1991 varia
858 1922 1137 1990 limitum
1167 1922 1544 2015 'possibilitas
1591 1929 1786 1994 restat
1811 1976 1829 2005 ‚
1866 1948 2104 2016 quam,¹
2155 1930 2347 2017 prout
2376 1924 2673 2016 ¹gloriam

650 2049 833 2098 suam
860 2030 1261 2099 manifestare
1293 2031 1433 2099 vult
1458 2083 1477 2111 ,
1514 2023 1688 2102 Deus
1730 2017 1933 2124 potest
1980 2031 2431 2101 determinare.
2484 2028 2672 2101 Unde

649 2138 882 2228 pariter
903 2190 922 2218 ‚
959 2140 1045 2207 D.
1079 2140 1250 2208 Min.
1282 2136 1568 2209 Mundus
1599 2161 1736 2210 non
1775 2143 1870 2208 es't
1896 2140 2388 2233 perfectissimus
2414 2139 2672 2231 perfec-

651 2245 827 2315 tione
868 2244 1199 2325 absoluta,
1262 2247 1335 2314 C.
1372 2248 1545 2317 Min.
1563 2270 1591 2327 ,·
1618 2246 1686 2315 id
1714 2247 1890 2316 enim
1936 2244 2322 2339 impossibile
2372 2250 2490 2316 est.
2528 2243 2674 2314 Non

650 2359 744 2423 est
772 2352 1269 2445 perfectissimus
1293 2354 1680 2445 perfectione
1705 2354 1972 2425 relativa
1990 2406 2010 2435 ‚
2043 2356 2134 2424 N.
2171 2356 2342 2426 Min.
2390 2353 2674 2446 adeoque

651 2469 713 2529 ot
740 2463 1041 2530 rationem
1074 2462 1380 2530 additam.
1428 2459 1596 2531 Nam
1640 2485 1716 2533 eo
1762 2463 1899 2554 ipso
1924 2513 1944 2542 .
1976 2462 2149 2554 quod
2194 2467 2372 2531 totus·
2405 2461 2566 2532 ordo
2612 2466 2675 2532 et

656 2568 1052 2660 singulorum
1097 2588 1297 2664 nexus
1327 2566 1512 2635 nobis
1541 2590 1677 2638 non
1722 2569 1803 2638 sit
1853 2576 2217 2662 perspectus
2239 2621 2262 2650 ,
2301 2569 2532 2639 inutile
2571 2568 2672 2638 vel

658 2678 954 2746 -mcivum
983 2674 1189 2745 dicere
1216 2676 1377 2744 nihil
1396 2671 1763 2768 possumus.
1808 2675 2039 2746 Inutile
2057 2679 2235 2748 enim
2256 2682 2350 2747 est
2374 2676 2465 2757 id,
2498 2676 2671 2770 quod

571 2794 572 2797 ’
665 2774 728 2854 ‚J
765 2784 964 2853 finem
992 2782 1073 2850 ab
1116 2783 1339 2875 opifice
1381 2782 1706 2854 intentum
1751 2785 2005 2854 nullam
2032 2785 2416 2865 relationem
2446 2783 2664 2854 habet.

656 2891 803 2973 Quis
858 2897 1075 2960 autem
1109 2897 1312 2961 totum
1349 2913 1508 2984 opus
1537 2898 1601 2960 et
1644 2893 2051 2984 singulorum
2104 2893 2267 2962 fines
2299 2893 2388 2963 ita
2417 2893 2669 2985 perspi-

650 3003 773 3070 ciat
792 3051 813 3080 ‚
846 3006 923 3069 ut
948 2998 1027 3069 de
1056 3022 1127 3068 re
1156 3001 1458 3092 quapiam
1483 3001 1898 3090 pronuntiare
1919 3000 2140 3093 possit,
2170 3022 2320 3069 eam
2345 3021 2502 3071 cum
2531 2999 2669 3068 nul·

656 3111 718 3176 lo
753 3111 906 3178 ente
933 3104 1310 3175 relationem
1353 3105 1458 3174 vel
1492 3127 1730 3174 nexum
1754 3106 1967 3176 ullum
1993 3105 2228 3175 habere
2251 3109 2287 3174 ‘i
2315 3104 2519 3203 Porro
2540 3126 2663 3174 non

650 3218 729 3286 de
754 3214 1019 3309 siugulis
1044 3214 1116 3282 in
1142 3236 1208 3282 se
1240 3214 1528 3304 spectatis
1549 3265 1568 3293 ,
1607 3213 1718 3283 sed
1747 3213 1942 3282 relate
1984 3212 2072 3282 ad
2131 3217 2341 3283 totum
2362 3211 2667 3304 judican-

653 3323 812 3393 dum
846 3327 984 3392 est:
1020 3320 1193 3411 quod
1244 3320 1298 3389 si
1330 3321 1440 3390 fiat
1462 3374 1479 3401 ,
1527 3343 1754 3391 omnes
1797 3325 2128 3412 praetensae
2169 3319 2670 3412 imperfectiones

655 3427 887 3500 mundi
931 3449 1068 3498 non
1113 3432 1351 3518 erunt1,
1409 3429 1531 3498 nisi
1561 3434 1938 3520 apparentes
1965 3479 1983 3508 ,
2020 3428 2071 3498 i.
2106 3450 2168 3498 e.
2211 3448 2289 3513 ex
2338 3424 2668 3494 finitudine

655 3535 887 3615 mundi
929 3536 1277 3607 necessario
1307 3541 1464 3606 ortae
1510 3534 1908 3626 exceptiones
1935 3556 1977 3604 a
2006 3532 2236 3628 regula
2265 3530 2531 3601 ordinis.
2590 3528 2669 3598 Et

655 3664 809 3714 vero
850 3644 1125 3716 naturali
1150 3645 1451 3716 instinctu
1472 3695 1491 3724 ,
1533 3663 1687 3713 cum
1736 3643 2066 3712 officinam
2117 3641 2385 3732 alicujus
2434 3636 2667 3732 opificis

656 3749 1085 3844 ingredimur,
1116 3776 1250 3825 non
1263 3753 1630 3844 judicamus
1655 3749 1906 3819 inutilia
1931 3750 2358 3826 instrumenta
2385 3767 2495 3827 ea,
2518 3766 2666 3838 quo·

653 3881 810 3939 rum
835 3861 1033 3934 finem
1062 3862 1166 3935 vel
1190 3859 1608 3954 aptitudinem
1634 3876 1772 3931 non
1796 3856 2122 3933 noscimus
2139 3907 2159 3940 .
2195 3855 2252 3929 si
2295 3854 2519 3929 artifex
2554 3853 2658 3927 illo
2757 3890 2763 3895 ·
