2988 4832
1547 581 1678 654 254

1195 851 1580 947 SECTIO
1654 849 2021 946 PRIMAA

1249 1078 1344 1134 DE
1374 1076 1774 1135 EXISTENTIA
1797 1081 1941 1134 DEI·

696 1315 845 1390 112
880 1322 998 1388 Dei
1030 1312 1291 1387 nomine
1320 1308 1738 1411 intelligimus
1780 1338 1884 1386 ens
1919 1338 2220 1387 summum
2241 1363 2261 1394 ,
2313 1338 2425 1404 quo
2456 1313 2627 1384 nihil

603 1427 812 1492 melius
835 1439 946 1494 ctat
969 1426 1293 1515 perfectius
1338 1446 1455 1493 esse
1496 1428 1600 1495 velo
1626 1425 1898 1514 coqitari
1921 1434 2118 1515 potest
2142 1473 2165 1505 ,
2211 1426 2386 1513 cujus
2430 1426 2622 1516 proin

602 1532 738 1602 idea
779 1534 1042 1602 includit
1062 1533 1136 1598 in
1160 1554 1221 1599 se
1248 1532 1597 1600 absolutum
1622 1557 1742 1602 esse
1767 1529 1877 1624 (1).

690 1658 816 1739 Qui
848 1658 968 1728 tale
997 1679 1114 1729 ens
1141 1658 1397 1727 existere
1423 1670 1649 1747 neyant
1672 1709 1691 1738 .
1729 1660 1897 1727 athei
1918 1664 2227 1729 vocantur
2252 1685 2269 1738 3
2310 1655 2415 1725 alii
2442 1656 2620 1725 indi-

598 1769 792 1848 recti,
847 1769 959 1858 qui
1000 1764 1211 1837 verbis
1241 1767 1503 1858 quidem
1526 1765 1740 1836 Deum
1790 1768 2068 1837 fatentur
2095 1818 2113 1847 ‚
2152 1768 2358 1858 reipsa
2399 1769 2618 1834 autem

599 1874 831 1944 tollunt
851 1924 872 1955 ‚
925 1873 1085 1946 dum
1121 1873 1227 1944 vel
1259 1882 1321 1939 τό
1352 1897 1457 1963 eqo
1496 1876 1600 1944 vel
1636 1882 1936 1944 naturam
1982 1876 2351 1944 universam
2401 1873 2618 1963 Deum

598 1980 838 2050 faciunt
859 2031 879 2061 .
905 1982 978 2050 ut
999 1978 1374 2073 pantheistoe
1397 1975 1727 2072 subjectivi
1748 1980 1852 2050 vel
1872 1972 2166 2071 objectivi
2193 2007 2211 2062 3
2242 1976 2345 2049 vel
2367 1981 2617 2070 imper-

597 2088 933 2158 sectionem
972 2084 1254 2179 aliquam
1292 2085 1352 2179 ei
1396 2086 1686 2156 tribuunt
1711 2139 1728 2166 ‚
1773 2088 1870 2156 uti
1915 2080 2565 2179 anthropomorphitae
2589 2137 2608 2166 ,

596 2197 708 2287 qui
727 2196 863 2266 Deo
896 2194 1173 2289 figuram
1204 2193 1563 2264 humanam
1593 2190 2068 2275 attribuerunt,
2118 2190 2225 2263 vel
2271 2191 2568 2286 Epicurei
2588 2243 2610 2271 ,

596 2301 709 2393 qui
740 2302 1204 2394 providentiam
1236 2300 1355 2370 Dei
1382 2302 1818 2380 sustulerunt,
1855 2306 1978 2370 etc.
2010 2325 2028 2383 3
2083 2300 2191 2369 alii
2231 2298 2451 2368 directi
2479 2351 2499 2379 ,
2551 2305 2614 2369 et

595 2405 853 2502 quidem
878 2406 986 2480 vel
1013 2408 1304 2499 neqativi.
1335 2405 1447 2500 qui
1471 2409 1684 2480 Deum
1713 2431 1846 2479 esse
1873 2406 2242 2501 simpliciter
2260 2400 2558 2500 ignorant
2589 2436 2606 2489 3

593 2517 698 2586 vel
717 2515 973 2608 positivi
996 2566 1014 2596 ‚
1059 2518 1172 2607 qui
1213 2513 1335 2586 Dei
1373 2515 1584 2586 ideam
1621 2515 1964 2596 hahentes,
2013 2535 2165 2585 eum
2193 2536 2410 2608 reapse
2438 2520 2614 2583 extra

594 2629 878 2694 mentem
898 2624 1159 2693 existere
1203 2627 1318 2690 aut
1343 2627 1584 2715 negant
1633 2625 1746 2691 aut
1794 2621 2085 2693 dubitant
2106 2674 2126 2704 ‚
2182 2638 2458 2714 quorum
2502 2615 2614 2693 alii

593 2730 893 2800 dicuntur
945 2731 1256 2800 theoretici
1305 2729 1410 2799 vel
1446 2729 1803 2822 speculativi
1832 2779 1852 2811 ,
1917 2730 1972 2801 si
2017 2729 2368 2801 rationibus
2410 2728 2612 2799 allatis

591 2837 983 2908 existentiam
1010 2836 1131 2908 Dei
1162 2837 1549 2931 impugnant
1574 2889 1592 2919 ,
1636 2836 1744 2908 alii
1762 2839 2033 2929 practici
2057 2890 2075 2916 ‚
2127 2838 2181 2909 si
2218 2860 2364 2907 eam
2402 2836 2613 2907 verbis

590 2966 726 3016 non
758 2945 1149 3041 impugnant
1170 2996 1191 3027 ‚
1218 2945 1447 3017 sedita
1465 2945 1694 3017 vivunt
1716 2995 1739 3028 .
1769 2944 1949 3038 quasi
1971 2944 2146 3016 Deus
2174 2943 2393 3015 nullus
2417 2950 2599 3015 esset.

672 3071 894 3143 Atheos
918 3071 1180 3164 quidem
1201 3074 1437 3142 interne
1463 3089 1587 3143 nee
1609 3074 1935 3165 negativos
1966 3093 2089 3143 nec
2112 3092 2153 3142 a
2195 3072 2434 3143 tortiori
2462 3094 2608 3165 spe-

589 3179 889 3251 culativos
918 3180 1084 3249 ullos
1113 3201 1248 3249 esse
1270 3182 1439 3250 inter
1465 3180 1770 3264 homines
1796 3180 2055 3250 rationis
2081 3203 2204 3250 usu
2243 3181 2557 3273 pollentes
2582 3232 2604 3260 .

590 3293 834 3358 certum
855 3293 948 3357 est
973 3286 1054 3379 (2)
1070 3313 1101 3367 3
1143 3287 1359 3381 plures
1377 3309 1532 3360 vero
1555 3293 1705 3360 sunt
1727 3335 1755 3378 2
1794 3288 1908 3381 qui
1935 3300 2180 3357 externe
2217 3311 2472 3372 summo
2494 3309 2608 3356 co-

651 3539 716 3605 (1)
737 3539 914 3593 Confer
928 3540 1133 3594 Bossuet
1160 3553 1179 3596 z
1204 3540 1465 3594 Troistdme
1483 3542 1723 3596 ἐιόυαιίοη
1749 3553 1839 3594 em·
1856 3541 1931 3594 les
1960 3538 2218 3609 myrtei-es.
2239 3561 2305 3581 -·-
2330 3537 2553 3593 Penelon
2579 3553 2598 3594 ε

492 3611 497 3616 ’
589 3621 659 3672 oe
677 3623 950 3676 vesamae
966 3622 1031 3675 de
1051 3624 1177 3676 meu
1193 3659 1212 3688 .
1230 3625 1364 3677 Part.
1387 3625 1453 3678 11.
1474 3625 1566 3675 No·
1588 3629 1680 3689 65,
1701 3629 1765 3675 95
1789 3629 1841 3676 et
1856 3627 1970 3680 104.
2502 3611 2516 3653 “

650 3713 720 3779 (2)
735 3715 861 3766 Nam
877 3749 901 3782 ‚
915 3720 974 3769 ut
990 3718 1060 3769 ait
1078 3719 1130 3771 S.
1151 3718 1361 3783 August.
1380 3717 1437 3768 In
1455 3718 1598 3772 Joan.
1619 3719 1813 3785 Evanq.
1834 3720 1955 3785 Cap.
1992 3719 2151 3784 XVH,
2172 3721 2316 3784 tract.
2340 3722 2451 3772 106.
2488 3718 2613 3771 Hoee

587 3787 660 3834 est
677 3784 755 3835 vis
773 3799 903 3838 verae
922 3788 1202 3839 divinitatis
1216 3827 1229 3852 ,
1254 3792 1309 3839 ut
1336 3792 1577 3840 creatur-ce
1599 3787 1837 3842 rationali
1859 3792 1972 3856 sam
1991 3793 2182 3842 ratione
2199 3791 2464 3842 utentium
2494 3804 2611 3840 om-

587 3857 702 3906 uino
721 3869 781 3908 ac
792 3859 991 3923 penitus
1012 3861 1176 3923 possit
1208 3859 1461 3913 abscondi.
1498 3860 1560 3911 Et
1578 3861 1619 3911 si
1636 3862 1780 3923 juxta
1796 3863 2094 3925 scripturam
2114 3861 2257 3914 dixit
2292 3861 2532 3925 insipiens
2551 3861 2614 3912 in

588 3926 733 3978 corde
747 3941 872 3994 suo·
889 3943 986 3981 non
1002 3933 1075 3980 est
1094 3930 1224 3980 Deus
1241 3965 1262 3993 ,
1281 3945 1434 3994 quare
1457 3934 1552 3983 hoc
1570 3934 1716 3998 dixit,
1738 3934 1970 3997 nisiquia
1990 3927 2231 3996 insipiens
2253 3935 2328 3982 est
2345 3934 2395 3981 et
2407 3933 2610 3995 stultus,

589 4002 645 4056 ut
661 3999 860 4059 adnotat
878 4001 932 4060 S.
949 4001 1208 4064 Anselmus
1235 4003 1462 4075 Prosloq.
1487 4003 1611 4076 Cap.
1639 4005 1827 4074 3ςίωο
1860 4005 2100 4073 scripturn
2130 4001 2249 4059 dicit
2273 4009 2288 4057 ε
2308 4001 2451 4056 Dixit
2472 4002 2604 4056 insi-
