2988 4832
369 555 386 567 ⁹
421 534 492 603 2⁶
535 531 1215 602 Finis-seuaemotivum
1251 531 1514 601 actionis
1552 531 1782 603 divinae
1812 548 1947 602 non
1975 536 2184 625 potest
2218 554 2357 605 esse

324 637 580 728 aliquid·
607 636 746 705 Deo
769 636 1195 705 extrinsecum
1243 661 1261 705 ε
1318 659 1499 709 secus
1526 634 1698 721 Deus
1727 638 1800 706 in
1826 636 2069 707 actione
2105 639 2226 708 sua
2267 636 2353 709 ab

326 748 547 836 aliquo
564 745 912 815 extrinseco
933 743 1148 825 suisset
1169 743 1535 836 dependens
1558 773 1577 826 ς
1611 744 1785 836 quod
1808 752 2122 836 repugnat
2146 774 2164 827 3
2193 769 2349 840 ergo

332 858 429 921 est
452 851 609 942 quid
639 851 777 922 Deo
801 853 1220 921 intrinsecum
1266 878 1285 921 ε
1339 852 1450 922 sed
1477 852 1787 943 quidquid
1825 856 1919 923 est
1946 851 2082 921 Deo
2107 852 2353 922 intrin-

334 981 564 1029 secum
580 1010 598 1039 ,
629 964 727 1029 est
760 957 935 1029 Deus
950 960 1081 1051 ipse
1111 981 1224 1029 seu
1243 961 1517 1050 pertinet
1551 960 1629 1029 ad
1660 962 1797 1051 ejus
1819 961 2090 1051 gloriam
2111 962 2354 1033 intrin-

324 1087 580 1147 secam3
637 1087 793 1157 ergo
832 1066 980 1136 finis
1025 1066 1291 1137 actionis
1332 1066 1567 1139 divinae
1594 1073 1687 1138 est
1715 1067 1919 1159 gloria
1946 1070 2083 1159 eJus
2116 1069 2355 1142 intrin-

273 1222 278 1227 -
333 1195 521 1246 seca.
554 1173 822 1265 Insuper

419 1327 492 1398 3·
519 1326 697 1397 Finis
724 1326 844 1396 Dei
862 1325 1143 1396 'creantis
1167 1324 1385 1397 debuit
1419 1345 1554 1396 esse
1579 1326 1769 1406 talis'.⁴
1812 1327 1927 1419 qui
1961 1350 2141 1420 oeque
2184 1331 2359 1400 sub·

323 1437 603 1514 sisteret,
651 1435 898 1505 etiamsi
942 1434 1025 1503 ad
1063 1434 1594 1517 non-creandum
1631 1433 1806 1502 Deus
1850 1457 1984 1503 sese
2031 1435 2344 1506 determi-

324 1548 567 1611 nasset.
627 1541 824 1611 Secus
860 1541 1188 1610 deficiente
1229 1541 1360 1610 fine
1404 1539 1580 1608 Deus
1613 1540 1685 1610 in
1721 1541 1998 1609 creando
2022 1542 2185 1610 liber
2208 1566 2343 1611 non

323 1649 549 1719 fuisset
570 1700 586 1726 ‚
633 1649 681 1717 i.
709 1650 862 1720 e.-si
897 1647 981 1716 ad
1013 1647 1363 1716 creandum
1406 1647 1621 1715 fuisset
1640 1698 1658 1726 ‚
1692 1646 1774 1715 ad
1821 1649 2352 1717 non-creandum

324 1779 490 1827 vero
515 1756 730 1826 nuilus
759 1757 972 1825 fuisset
992 1755 1128 1824 Deo
1149 1754 1340 1834 finis,
1380 1752 1555 1825 Deus
1581 1759 1796 1847 utpote
1817 1755 2064 1824 infinite
2093 1756 2350 1847 sapiens

326 1869 400 1932 et
418 1864 573 1931 hinc
605 1885 740 1933 non
772 1868 997 1956 potens
1034 1885 1223 1955 agere
1252 1856 1491 1953 absque
1513 1862 1685 1942 fine.
1722 1884 1857 1931 non
1879 1864 2178 1954 potuisset
2204 1885 2346 1933 non

328 1993 591 2050 creare,
627 1971 909 2061 adeoquo
949 1970 1032 2040 ad
1069 1971 1423 2041 creandum
1456 1971 1859 2040 necessitatus
1902 1971 2160 2052 fuisset3
2198 1994 2355 2064 ergo

326 2080 484 2147 finis
513 2102 623 2148 seu
646 2080 1005 2158 motivum,
1054 2085 1313 2172 propter
1354 2079 1528 2170 quod
1575 2077 1749 2147 Deus
1791 2100 1858 2147 se
1906 2023 2355 2148 determinavit

329 2187 415 2257 ad
438 2189 820 2266 creandum,
849 2188 1068 2257 debuit
1089 2210 1222 2256 esse
1243 2189 1436 2277 hujus
1461 2187 1678 2263 modi,
1702 2190 1776 2253 ut
1796 2184 2024 2254 eodem
2045 2187 2351 2275 potuisset

327 2297 527 2364 etiam
530 2292 949 2364 determinari
969 2295 1053 2362 ad
1075 2290 1609 2363 non-creandum.
1637 2291 1835 2382 Atqui
1853 2291 1995 2360 talis
2011 2291 2157 2360 finis
2189 2294 2354 2361 alius

311 2413 471 2470 'esse
498 2424 632 2471 non
655 2407 936 2493 poterat,
980 2423 1179 2491 quam
1218 2402 1432 2492 ipsum
1467 2398 1838 2469 exercitium
1875 2397 2106 2469 divinae
2148 2399 2354 2469 liber-
2429 2439 2433 2445 ·

329 2509 481 2578 tatis
498 2560 517 2589 ,
547 2516 621 2579 ut
648 2511 977 2602 complens
1018 2509 1291 2600 gloriam
1334 2508 1455 2577 Dei
1490 2508 1902 2588 intrinsecam
1932 2537 1949 2587 3
2004 2530 2159 2599 ergo
2211 2509 2353 2579 haec

332 2618 525 2686 unice
559 2624 652 2686 cst
695 2625 758 2685 et
804 2641 934 2687 esse
968 2623 1167 2710 potest
1214 2619 1357 2685 finis
1402 2617 1716 2708 operantis
1757 2615 1877 2702 Dei
1917 2616 1988 2686 iu
2028 2619 2346 2687 creatione

335 2724 531 2815 hujus
559 2726 815 2794 mundi.

1026 3009 1658 3085 OBJECTIONES.

427 3270 540 3339 40.
570 3266 743 3339 OBJ.
784 3267 998 3339 Gloria
1041 3267 1161 3340 Dei
1202 3270 1545 3353 intrinseca
1578 3270 1858 3342 consistit
1884 3274 1954 3342 in
1981 3275 2346 3366 cognitione

338 3399 474 3447 sum
498 3376 762 3446 infinitae
787 3379 1184 3468 perfectionis
1201 3429 1223 3459 .
1249 3400 1449 3469 quam
1467 3378 1641 3449 Deus
1659 3381 1934 3450 habetet
1962 3384 2090 3474 qua
2115 3382 2350 3451 beatis·

339 3484 541 3553 simus
573 3489 725 3554 estz
768 3486 943 3576 atqui
982 3485 1303 3555 evidenter
1345 3488 1578 3557 creatio
1613 3488 1775 3557 nihil
1803 3488 2098 3558 conducit
2134 3511 2348 3580 neque
2426 3551 2431 3554 ,

337 3590 628 3661 adistam
648 3592 1099 3687 cognitionem,
1132 3616 1342 3685 neque
1366 3595 1449 3664 ad
1473 3595 1928 3668 beatitudinem
1953 3595 2103 3666 inde
2132 3596 2348 3666 fluen-

338 3708 523 3778 ἴσως
576 3720 730 3791 ergo
778 3702 980 3796 gloria
1022 3704 1157 3797 ejus
1200 3704 1540 3777 intrinseca
1589 3729 1725 3781 non
1772 3705 2009 3798 potuit
2023 3727 2155 3779 esse
2206 3706 2351 3779 finis

295 3865 306 3872 .
338 3807 698 3879 creationis.
