2988 4832
340 597 537 682 tiam,
572 608 636 672 et
662 601 921 694 quidem
947 603 1028 696 2)
1055 605 1470 680 substantiam
1498 614 1915 687 essentialiter
1955 616 2351 691 immateria-

337 709 502 782 lem.
531 711 740 795 Quare
772 715 893 785 sit·

432 857 544 929 58.
593 857 836 933 paor.
879 860 931 931 1.
965 862 1182 969 Αωι
1213 887 1469 939 nuum
1504 834 2017 1012 &assumus-m.

429 1015 620 1084 Proh.
667 1016 733 1085 1⁶
758 1014 1131 1100 Substantia
1151 1026 1243 1089 est
1268 1042 1383 1089 ens
1414 1043 1531 1113 per
1563 1044 1631 1091 se
1660 1024 2001 1096 subsistens
2043 1032 2107 1096 et
2135 1025 2344 1098 modi-

340 1118 716 1194 ficationum
753 1148 950 1218 capax
975 1154 993 1196 ε
1022 1129 1201 1221 ,atqui
1252 1131 1468 1199 anima
1510 1129 1798 1202 humana
1848 1141 1941 1203 est
1990 1157 2105 1204 ens
2135 1140 2248 1228 per
2281 1158 2349 1205 se

337 1230 679 1304 subsistens
712 1240 779 1306 et
806 1236 1349 1306 modificationum
1378 1260 1576 1330 capax
1612 1263 1810 1333 ;ergo
1844 1248 1935 1311 est
1970 1243 2339 1313 substantia.

426 1383 619 1451 Proh.
653 1387 823 1456 Men.
854 1382 1102 1456 Anima
1122 1396 1262 1455 tum
1291 1409 1367 1456 eo
1397 1409 1535 1479 lpso
1563 1438 1583 1468 ‚
1617 1389 1789 1479 quod
1819 1392 1896 1459 sit
1921 1391 2123 1461 libera
2145 1443 2165 1472 ,
2208 1398 2350 1461 tum

336 1491 490 1556 teste
518 1511 707 1558 sensu
735 1490 962 1561 intimo
989 1498 1188 1584 potest
1215 1493 1388 1562 hanc
1414 1496 1522 1562 vel
1549 1495 1730 1563 illam
1764 1498 2213 1587 cogitationem
2238 1502 2349 1565 aut

327 1595 706 1667 ,volitionem
730 1597 968 1666 habere
988 1599 1092 1668 vel
1114 1621 1247 1667 non
1272 1599 1510 1668 habere
1532 1601 1639 1668 vel
1660 1600 1895 1687 habere
1918 1603 2305 1671 contrariam
2328 1632 2345 1684 ς

337 1718 491 1790 ergo
514 1706 607 1773 est
632 1702 1179 1773 modificationum
1207 1727 1404 1798 capax
1448 1732 1466 1775 ε
1502 1707 1679 1797 atqui
1714 1698 2208 1778 modificationes
2236 1732 2352 1779 seu

336 1808 682 1880 accidentia
702 1820 876 1882 extra
912 1813 1328 1884 substantiam
1360 1835 1493 1883 esse
1539 1836 1673 1884 non
1701 1821 1965 1907 possunt
2000 1815 2084 1907 (1)
2114 1846 2132 1898 ;
2196 1838 2352 1908 ergo
2430 1828 2435 1834 ’

332 1915 397 1985 id
413 1969 432 1994 ,
464 1917 536 1986 in
556 1940 685 2009 quo
714 1924 864 1988 sunt
888 1920 1017 1989 illae
1040 1921 1445 2012 cogitationes
1471 1927 1537 1993 et
1562 1921 1894 1994 volitiones
1917 1974 1935 2003 ,
1987 1945 2103 1995 seu
2131 1926 2353 1994 anima

331 2024 624 2094 humana
650 2021 757 2095 est*
770 2026 1137 2096 substantia.
1167 2025 1250 2096 Et
1268 2049 1425 2099 vero

416 2164 489 2232 2⁰
518 2154 878 2233 Substantia
907 2169 1002 2232 est
1035 2163 1395 2254 subjectum
1434 2163 1840 2255 perdurabile
1896 2165 2341 2247 accidentium,

331 2270 387 2339 ι]
393 2270 521 2340 nde
550 2260 662 2340 sic.
702 2269 773 2353 Si
800 2271 1018 2339 anima
1052 2269 1341 2339 humana
1370 2291 1506 2338 non
1540 2278 1633 2338 est
1654 2268 2010 2360 subiectum
2036 2273 2346 2361 perdura-

327 2377 449 2445 bile
471 2377 895 2448 accidentium
917 2376 1347 2447 sensationum
1376 2376 1830 2469 cogitationum
1851 2383 1923 2446 et
1941 2375 2341 2459 volitionum‚

322 2506 442 2555 seu
486 2487 541 2555 si
585 2487 971 2557 sensationes⁴
1011 2486 1417 2581 cogitationes
1453 2492 1517 2554 et
1555 2485 1886 2556 volitiones
1928 2491 2161 2556 nostrae
2211 2507 2346 2555 non

320 2599 480 2663 sunt
516 2615 766 2686 semper
814 2597 889 2663 in
936 2596 1133 2662 eodem
1169 2595 1485 2684 principio
1517 2592 1602 2684 (2)
1644 2597 1951 2665 sentiente
1974 2644 1997 2677 .
2030 2595 2346 2684 cogitante

383 2828 462 2894 (ι)
481 2830 607 2880 vide
628 2818 788 2882 οηιοιί
818 2820 1200 2881 Part.'11.”sect.
1223 2831 1274 2880 3.·
1302 2826 1419 2889 cap.
1447 2823 1501 2878 a:
1521 2824 1635 2878 Art.
1657 2827 1709 2880 ι.
1737 2826 1859 2893 rag.
1893 2829 2011 2889 sss:

387 2908 459 2973 (2)
487 2908 591 2959 Hoc
612 2903 961 2973 argumentum
980 2914 1054 2960 est
1073 2910 1225 2959 etiam
1244 2910 1417 2958 contra
1437 2918 1552 2968 eos»,
1569 2904 1659 2967 qui
1679 2907 1860 2969 triplex
1880 2902 2129 2961 diversum
2146 2905 2343 2975 stilijiss-

316 2984 437 3029 tum
456 2979 557 3030 sive
575 2981 673 3029 tria
702 2980 894 3031 diversa
928 2982 1270 3043 operationum
1302 2975 1547 3041 principia
1580 2976 1637 3025 in
1663 2977 1867 3028 homine
1888 2992 2155 3043 agnoscere
2170 2985 2343 3034 volue-

313 3053 474 3114 runt,
506 3054 556 3101 et
583 3065 699 3101 cum
728 3051 1084 3114 antiqmoribus
1112 3052 1443 3101 distinxerunt
1468 3049 1618 3115 ψυχήν
1634 3086 1650 3113 ,
1688 3050 1907 3100 animam
1923 3085 1940 3113 ‚
1977 3056 2179 3117 πνεῦμα,
2208 3055 2350 3117 spiri-

314 3126 435 3175 tum
451 3160 469 3187 ,
505 3129 556 3175 et
588 3128 709 3188 ναῦν,
747 3126 985 3175 mentem.
1022 3122 1141 3173 Tria
1172 3122 1309 3172 enim
1338 3122 1446 3171 hoec
1461 3134 1566 3171 non
1600 3133 1732 3187 esse,
1761 3122 1857 3172 nisi
1889 3118 2109 3177 diversas
2127 3126 2350 3187 ejusdem

314 3194 530 3255 subjecti
547 3197 795 3246 facultates
811 3230 830 3259 ,
849 3196 1025 3258 probat
1048 3193 1357 3244 diversarum
1380 3192 1724 3255 operationum
1736 3229 1755 3255 ‚
1775 3209 1884 3256 quae
1906 3196 2034 3246 fiunt
2052 3197 2106 3247 in
2126 3195 2344 3259 homine,

316 3266 604 3329 conjunctio
624 3268 680 3318 in
708 3280 863 3317 unam
884 3265 1232 3316 conscientiam
1264 3277 1541 3327 earumque
1561 3265 1934 3316 reminiscentia
1952 3282 2040 3318 seu
2057 3267 2345 3331 recognitio.

313 3336 428 3388 Nec
460 3336 619 3399 majus
652 3338 1029 3388 fundamentum
1062 3336 1261 3387 videtur
1280 3336 1466 3385 habere
1498 3334 1784 3399 hypothesis
1799 3374 1816 3401 ,
1853 3338 1954 3401 qua
1977 3340 2147 3389 anima
2166 3338 2353 3388 tenuis.

313 3410 449 3460 simo
475 3409 688 3470 quodam
715 3411 898 3459 aethere
929 3411 1167 3471 perpetuo
1188 3405 1615 3458 circumdataesse
1629 3408 1910 3473 exhibetur,
1934 3424 2084 3472 quem
2112 3412 2351 3461 aetherem

313 3492 414 3531 seu
448 3479 789 3530 tenuissimum
831 3481 1173 3541 corpusculum
1212 3478 1369 3528 Graeci
1408 3480 1614 3538 dabla,
1656 3480 1817 3530 Latini
1856 3479 2128 3530 vehiculum
2166 3481 2351 3530 animas

313 3554 578 3603 vocarunt.
608 3552 685 3604 Ad
707 3551 978 3602 absurdum
1006 3553 1137 3601 certe
1156 3550 1521 3614 mysticismum
1545 3553 1654 3603 hoec
1672 3552 1897 3602 doctrina
1915 3552 2093 3603 ducere
2115 3553 2273 3614 potest
2291 3556 2344 3601 et

310 3635 494 3685 reapse
507 3621 615 3683 ,iam
632 3623 862 3685 deducit,
887 3625 944 3672 ut
978 3623 1111 3685 patet
1139 3621 1241 3672 sive
1274 3635 1337 3673 ex
1373 3635 1523 3686 opere
1544 3623 1612 3678 D.
1632 3622 1858 3674 Kerner:
1883 3623 1974 3673 Die
1996 3622 2231 3674 Sehertnn
2251 3638 2347 3673 von

310 3696 586 3759 Prevorst,
617 3694 721 3745 sive
742 3708 806 3745 ex
822 3693 1174 3745 recentioribus
1194 3694 1425 3757 operibus
1444 3694 1634 3759 gallicis
1647 3730 1664 3758 ‚
1688 3708 1797 3759 quoe
1830 3697 2042 3745 tractant
2058 3695 2121 3745 de
2139 3708 2344 3759 magne-

314 3767 474 3819 tismo
493 3766 722 3828 animali,
749 3767 834 3817 et
819 3781 875 3817 m
895 3767 1075 3830 quibus
1110 3767 1359 3819 mediante
1392 3766 1480 3817 illo
1519 3769 1704 3819 aethere
1741 3752 1921 3817 animz'e
1959 3768 2193 3835 humanae
2231 3780 2346 3817 cum

307 3840 571 3907 spiritibus
608 3838 877 3891 coelestibus
910 3838 1266 3916 commercium
1305 3837 1571 3891 exhibetur
1591 3843 1652 3892 ut
1672 3838 1721 3892 ei
1742 3840 2061 3895 connaturale
2076 3844 2131 3895 et
2161 3840 2224 3892 ab
2245 3841 2342 3889 hu

314 3918 475 3972 mana
508 3911 760 3972 voluntate
792 3912 1110 4004 dependemg
2023 3975 2098 4050 11

494 4003 540 4054 u
933 4031 942 4040 =
