2988 4832
1429 462 1553 531 341

462 619 474 661 .:
588 570 738 640 146.
787 570 1028 645 PROP.
1077 572 1187 644 111.
1236 575 1659 651 Pmmuru
1694 599 1801 650 mn
1832 598 2074 650 Acruuu
2119 594 2369 650 nomm·
2392 579 2502 649 ‘u-

493 699 647 750 nm
676 703 1042 754 turanorum
1071 705 1192 756 nou
1221 709 1540 759 urnam·
1567 709 1885 758 mimum
1911 707 2208 758 nnuma.

465 901 472 907 .
578 849 1217 945 Prob.1⁰Cognitio
1251 876 1388 924 non
1424 857 1769 947 requiritur
1802 854 1887 924 ad
1925 855 2248 945 objectum
2275 874 2504 948 cogm-

471 959 697 1038 tionis,
730 960 842 1031 sed
871 968 1092 1031 contra
1122 962 1443 1053 objectum
1484 964 1831 1066 requiritur
1859 961 1943 1031 ad
1973 984 2239 1031 omnem
2276 956 2501 1054 cogni-

469 1068 763 1138 tionem:
795 1091 910 1137 seu
945 1069 1018 1138 in
1062 1070 1243 1139 nulla
1278 1072 1637 1163 cognitione
1676 1076 1772 1139 est
1811 1070 1971 1139 ratio
2004 1070 2346 1150 sufficiens,
2387 1090 2505 1139 cur

488 1176 773 1265 ejusdem
800 1176 1120 1265 objectum
1152 1178 1229 1245 sit
1257 1177 1344 1257 id,
1386 1178 1556 1270 quod
1588 1183 1724 1259 est,
1771 1177 1881 1246 sed
1912 1178 2182 1247 contra
2162 1200 2231 1248 ιιι
2259 1178 2503 1269 obJecto

471 1281 672 1356 debet
700 1285 1052 1354 necessario
1084 1306 1217 1355 esse
1253 1288 1411 1356 ratio
1446 1289 1788 1366 sufficiens,
1833 1308 1952 1355 cur
1979 1286 2192 1377 ipsum
2222 1309 2507 1378 cognos-

487 1398 689 1463 catur.
718 1394 920 1482 Neque
955 1395 1118 1461 enim
1151 1396 1417 1481 coquitio
1445 1396 1592 1483 fieri
1614 1406 1826 1484 potest,
1860 1398 1935 1462 ut
1964 1394 2052 1462 ait
2078 1392 2150 1464 S.
2184 1393 2505 1486 Augusti-

486 1522 609 1569 nus
654 1499 759 1591 (1),
807 1502 936 1567 nisi
985 1503 1387 1590 cognoscenda
1423 1502 1796 1590 praecedant.
1829 1499 2003 1591 Ergo
2043 1499 2364 1590 objectum
2407 1505 2502 1569 est
2550 1540 2558 1553 ι

477 1594 715 1677 'natura
741 1608 916 1699 prius
944 1608 1324 1700 cognitione,
1374 1614 1437 1676 et
1469 1609 1748 1700 cognitio
1791 1608 2026 1677 natura
2054 1609 2358 1698 posterior
2390 1607 2504 1677 ob-
2536 1696 2540 1701 ι

484 1718 644 1807 jecto
672 1741 691 1784 ε
719 1715 894 1806 atqui
918 1715 1090 1807 quod
1116 1721 1210 1784 est
1235 1717 1467 1786 natura
1493 1715 1802 1840 posterius
1815 1765 1835 1794 ,
1879 1716 2103 1805 nequit
2129 1716 2400 1786 influere
2428 1720 2502 1786 in
2532 1707 2544 1734 ⁴

484 1825 871 1895 existentiam
898 1826 1055 1916 ejus,
1090 1824 1264 1916 quod
1289 1830 1383 1896 est
1410 1824 1640 1894 natura
1664 1825 1884 1916 prius:
1920 1845 2076 1916 ergo
2103 1824 2505 1916 praescientia

482 1933 698 2001 divina
722 1934 942 2025 nequit
967 1933 1284 2002 influere
1264 1955 1336 2002 ιιι
1365 1933 1723 2002 libertatem
1753 1938 2038 2026 actuum
2053 1932 2503 2005 humanorum

482 2042 764 2133 adeoque
791 2064 933 2111 eam
958 2041 1258 2132 relinquit
1276 2042 1607 2112 intactam.
1638 2040 1722 2110 Et
1741 2060 1897 2112 vero

567 2214 639 2281 2·
680 2209 1082 2281 Praescientia
1118 2210 1239 2281 Dei
1280 2218 1372 2280 est
1409 2210 1677 2303 simplex
1721 2212 1986 2281 intuitus
2024 2209 2274 2298 obiecti,
2312 2218 2504 2306 prout

477 2311 568 2393 in
575 2344 640 2391 se
668 2329 800 2404 est;
848 2345 1001 2415 ergo
1045 2327 1181 2390 tam
1218 2342 1452 2413 parum
1489 2320 1717 2399 obstat,
1767 2320 2112 2410 quominus
2157 2325 2334 2389 actus
2376 2320 2504 2390 ho·

354 2473 362 2478 -
478 2433 734 2501 minum
776 2433 901 2501 sint
918 2378 1162 2509 0libere,
1207 2430 1255 2498 i.
1293 2451 1352 2499 e.
1402 2429 1683 2520 potentia
1726 2429 1808 2497 ad
1847 2428 2174 2520 agendum
2214 2429 2323 2499 vel
2364 2450 2501 2499 non

480 2541 803 2633 agendum
838 2540 1124 2632 proxime
1165 2536 1452 2629 expedita
1473 2535 1775 2629 ponendi,
1818 2560 2014 2628 quam
2034 2560 2267 2629 parum
2299 2537 2501 2608 obstat
2540 2567 2546 2576 ·

480 2648 755 2738 cognitio
807 2652 977 2716 certa
1028 2651 1092 2715 et
1134 2643 1481 2742 infallibilis
1516 2697 1534 2724 ,
1587 2646 1715 2735 qua
1752 2646 1949 2714 homo
1989 2648 2314 2737 cognoscit
2357 2668 2502 2717 suas
2602 2632 2605 2635 ¹

479 2754 584 2822 vel
610 2754 863 2823 alterius
890 2755 1167 2823 actiones
1193 2753 1427 2822 liberas
1449 2759 1816 2844 praesenteS.
1845 2755 2014 2822 Nam
2036 2755 2187 2842 quid
2202 2756 2498 2845 postulas,

478 2859 684 2950 inquit
712 2860 964 2930 Boetius
999 2860 1107 2951 (2),
1149 2872 1222 2927 ut
1256 2861 1593 2928 necessaria
1639 2864 1821 2948 fiant,
1862 2883 1992 2948 quae
2035 2861 2248 2927 divino
2273 2862 2504 2928 lumine

478 2966 907 3047 illustrantur,
966 2989 1103 3035 cum
1142 2990 1248 3034 nec
1292 2969 1557 3034 homines
1576 3023 1580 3027 .
1598 2967 1835 3054 quidem
1877 2967 2214 3034 necessaria
2260 2970 2503 3054 faciant

477 3095 612 3152 esse,
646 3095 775 3162 quoe
800 3076 1006 3141 vident
1023 3079 1055 3141 ?
1091 3075 1163 3144 N
1159 3097 1280 3151 um,
1327 3097 1457 3163 quae
1485 3073 1817 3162 proesentia
1853 3073 2069 3151 cernis,
2104 3075 2381 3164 aliquam
2410 3078 2502 3143 eis

477 3182 875 3250 necessitatem
919 3196 1059 3251 tuus
1105 3184 1283 3249 addit
1326 3184 1637 3249 intuitus?
1682 3182 1883 3248 Sicu-ti
1915 3203 2038 3260 vos,
2085 3205 2222 3249 cum
2252 3184 2501 3271 pariter

477 3292 786 3358 ambulare
810 3293 1029 3358 videtis
1056 3292 1350 3358 hominem
1389 3293 1461 3357 in
1503 3299 1707 3369 terra,
1743 3303 1799 3377 ct
1834 3292 2015 3357 solem
2039 3291 2206 3356 oriri
2230 3292 2302 3356 in
2330 3291 2501 3372 coelo,

479 3419 818 3488 quanquam
847 3410 1164 3488 utrumque
1198 3401 1280 3466 sit
1319 3400 1505 3466 simul
1535 3410 1923 3487 conspectum,
1961 3410 2162 3465 tamen
2226 3399 2499 3464 decerui-

480 3504 583 3584 tis,
613 3518 667 3573 et
699 3528 889 3574 unum
914 3507 1349 3589 voluntarium,
1394 3507 1575 3579 aliud
1610 3506 2009 3576 necessarium
2026 3505 2335 3594 judicatis
2351 3527 2380 3587 ,⁴
2404 3506 2499 3575 ita

539 3786 607 3856 (1)
640 3786 712 3842 De
739 3790 914 3841 Genesi
944 3789 1006 3840 ad
1028 3789 1105 3840 lit.
1142 3791 1170 3839 k

538 3889 607 3959 (Β)
640 3891 712 3975 De
735 3907 867 3949 cons.
891 3892 1019 3945 Phil.
1040 3892 1146 3942 Lib.
1173 3896 1218 3941 ὅ.
1244 3892 1383 3947 Pro!-
1404 3895 1456 3947 0.
