2988 4832
730 537 787 582 Α
1257 535 1386 608 257

322 651 463 747 quit
503 669 635 729 esse
673 653 1048 751 possibilitas
1076 656 1362 743 relativa,
1413 660 1524 735 sed
1565 669 1659 738 est
1686 668 2035 741 necessario
2070 668 2340 762 possibi-

321 761 467 836 litas
518 765 853 848 absoluta,
910 773 1003 838 est
1033 770 1295 840 actualis
1326 771 1670 845 existentia.
1703 772 1870 845 Sunt
1912 781 2126 847 autem
2170 801 2338 869 prae-

317 872 505 963 cipue
531 872 703 956 du03
738 895 974 968 nempe
1005 884 1461 969 argumentum
1483 881 1562 949 ab
1589 882 1728 950 idea
1746 884 1887 964 Dei,
1913 888 1977 953 et
1997 906 2338 976 argumen-

316 983 459 1049 tum
490 1005 531 1049 a
557 985 896 1053 necessitate
921 987 1077 1052 entis
1092 988 1379 1077 improdu
1404 988 1514 1057 cti.

405 1133 837 1206 Auetmmwn
873 1134 980 1204 Ιιιιιι
1026 1136 1121 1205 Ab
1156 1138 1297 1207 idea
1323 1140 1445 1208 Dei
1469 1138 1806 1235 multiplici
1829 1144 2068 1216 ratione
2097 1149 2327 1240 exponi

319 1246 468 1333 pote
481 1248 566 1321 st,
606 1249 668 1311 et
696 1243 955 1334 quidem

415 1384 479 1452 1⁰
513 1385 816 1452 Habemus
846 1386 1048 1453 ideam
1074 1386 1196 1453 Dei
1226 1388 1482 1455 utentis
1517 1389 1761 1477 infinite
1793 1393 2048 1480 perfecti
2077 1395 2337 1486 adeoque

306 1491 594 1558 distincti
617 1491 693 1557 ab
724 1492 840 1560 hac
868 1516 1076 1561 rerum
1103 1495 1522 1564 universitate.
1548 1493 1759 1586 Atque
1781 1498 1906 1567 hoc
1937 1500 2199 1590 quidem
2229 1502 2335 1572 vel

304 1598 442 1688 ipse
502 1596 784 1677 Atheus,
849 1599 981 1668 sive
1030 1601 1435 1669 materialista
1487 1601 1620 1670 sive
1678 1606 2031 1694 pantheista
2088 1607 2325 1687 suerit,

306 1703 604 1773 admittat
644 1727 898 1775 necesse
923 1710 1057 1786 est;
1101 1705 1413 1797 siquidem
1442 1708 1773 1801 hucusque
1802 1712 2046 1802 agitur,
2087 1736 2222 1783 non
2254 1715 2335 1784 de

318 1811 652 1881 existentia
677 1812 1045 1905 hujusmodi
1071 1811 1227 1894 Dei,
1273 1815 1382 1885 sed
1413 1817 1624 1886 solum
1652 1816 1732 1886 de
1760 1821 1895 1909 eJus
1921 1819 2101 1900 idea,
2136 1844 2333 1912 quam

304 1922 365 1989 si
409 1920 663 1991 Atheus
695 1943 830 1991 non
875 1922 1009 2014 ipse
1051 1921 1351 2003 haberet,
1397 1946 1479 1993 ne
1518 1946 1756 2016 negare
1791 1925 2052 2016 quidem
2102 1927 2333 2019 hujus-

298 2026 484 2096 modi
506 2024 720 2098 Deum
745 2035 984 2120 posset;
1022 2051 1202 2100 secus
1221 2037 1483 2122 negaret
1504 2029 1570 2101 id
1586 2080 1605 2111 ,
1639 2033 1822 2122 cujus
1845 2033 2089 2105 nullam
2114 2034 2326 2104 ideam

297 2135 613 2215 haberet,
675 2144 737 2205 et
789 2138 962 2230 quod
1015 2144 1472 2229 consequenter
1512 2137 1705 2208 relate
1760 2139 1844 2207 ad
1893 2140 2110 2230 ipsum*
2160 2146 2323 2209 esset

300 2243 552 2336 aequale
597 2244 822 2314 nihilo.
865 2244 1082 2336 Itaque
1121 2244 1432 2313 habemus
1447 2293 1468 2324 ,
1524 2243 1592 2313 id
1632 2244 1806 2335 quod
1855 2245 1985 2335 ipse
2023 2244 2271 2315 Atheus
2300 2299 2317 2325 ,

297 2360 380 2420 ut
406 2349 652 2421 Atheus
674 2375 806 2422 esse
835 2352 1065 2445 possit,
1108 2351 1288 2422 fateri
1314 2349 1600 2432 debebit3
1635 2350 1945 2420 habemus
1959 2403 1975 2430 ,
2009 2351 2276 2444 inquam
2297 2406 2315 2434 ,

302 2459 523 2529 ideam
557 2458 676 2532 Dei
703 2465 774 2529 ut
804 2461 966 2529 entis
1001 2457 1232 2528 infiniti
1270 2464 1332 2528 et
1367 2457 1448 2527 ab
1486 2458 1610 2527 hac
1650 2480 1871 2527 rerum
1915 2460 2324 2532 universitate

300 2568 580 2638 distincti
613 2594 632 2635 ε
682 2570 857 2658 atqui
899 2569 1056 2636 hanc
1076 2569 1306 2646 ideam,
1336 2565 1476 2637 Duo
1504 2587 1623 2638 uon
1650 2588 2006 2648 nmmum,
2042 2570 2325 2659 impossi-

302 2678 431 2743 bile
459 2688 546 2765 est
573 2677 786 2745 babere
797 2700 825 2756 ,⁰
856 2699 999 2765 erqo
1025 2674 1149 2746 hoc
1171 2676 1307 2767 ipso
1324 2726 1345 2755 ,
1378 2674 1552 2766 quod
1579 2673 1698 2743 Dei
1724 2674 2091 2764 hujusmodi
2113 2675 2322 2748 ideam

293 2783 617 2854 habemus
642 2836 659 2863 ,
695 2784 998 2874 probatur
1025 2784 1374 2871 hujusmodi
1410 2783 1609 2850 Deum
1645 2783 1924 2849 existere.

388 2938 580 3006 Prob.
617 2923 1125 3007 Min.--A·.——Si
1149 2931 1322 3002 Deus
1343 2952 1480 3000 non
1508 2932 1727 3009 existit,
1762 2929 1972 3000 ideam
1996 2933 2131 3023 eius
2155 2949 2319 3002 mens

293 3049 573 3116 humana
600 3045 706 3114 vel
745 3046 1048 3112 derivaret
1094 3064 1175 3109 ex
1204 3042 1377 3107 rebus
1415 3038 1793 3107 sensibilibus
1821 3089 1840 3118 ,
1889 3040 1994 3107 vel
2022 3042 2316 3126 formaret

292 3179 383 3222 ex
414 3178 477 3222 se
513 3157 692 3244 ipsa3
751 3153 927 3243 atqui
979 3172 1142 3219 mens
1181 3150 1453 3218 bumana
1492 3170 1617 3216 non
1653 3159 1848 3237 potest
1897 3147 2099 3215 ideam
2144 3150 2311 3228 Dei,

291 3260 441 3331 Duo
469 3282 590 3330 nou
617 3281 946 3329 nxisreuru
969 3310 986 3338 ,

387 3405 467 3499 a)
500 3406 797 3476 Derivare
826 3429 866 3472 a
895 3405 1067 3471 rebus
1094 3400 1471 3472 sensibilibus
1484 3425 1510 3483 ,·
1545 3407 1607 3471 et
1638 3399 1897 3493 quidem
1930 3421 2112 3491 neque
2144 3421 2319 3468 eom·-

205 3574 211 3581 .
290 3516 622 3609 positione,
653 3533 834 3603 neque
875 3512 1311 3590 abstractione,
1358 3532 1542 3599 neque
1578 3512 1952 3577 conclusione
1985 3509 2063 3576 ab
2105 3510 2316 3598 effectu
2373 3593 2378 3598 Ι

292 3627 388 3695 ad
417 3644 684 3693 causam.
716 3620 862 3691 Non
901 3621 1344 3709 compositimze.
1370 3616 1629 3688 Etenim
1656 3638 1758 3686 res
1781 3618 1987 3685 finitas
2008 3616 2332 3685 contInuo·

293 3732 438 3802 aliis
457 3729 650 3800 rebus
672 3727 864 3798 finitis
891 3725 1333 3819 componendo
1355 3729 1418 3795 et
1441 3724 1728 3795 addendo
1757 3725 2028 3794 formare
2052 3723 2312 3815 quidem

136 3851 156 3875 ‘
296 3862 488 3909 mens
525 3838 645 3909 sibi
664 3839 890 3931 poterit
917 3836 1125 3907 ideam
1152 3835 1418 3927 alicujus
1447 3833 1799 3914 indefiniti3
1845 3838 1939 3901 ast
1966 3831 2049 3901 ab
2083 3830 2311 3900 ultimo

300 3950 479 4040 quasi
497 3952 732 4041 puncto
761 3948 953 4039 hujus
974 3943 1280 4016 indefiniti
1300 3964 1634 4036 nunquam
1649 3943 1875 4037 poterit
1901 3940 2211 4013 transilire
2229 3938 2309 4008 ad
