2988 4832
1532 483 1662 553 274
1693 540 1702 579 ,

590 607 694 674 nis
716 606 806 672 est
829 600 1176 673 absurdum
1195 649 1215 683 ,
1260 584 1413 673 oum
1447 606 1514 673 vi
1550 603 1832 673 essentia
1861 598 2024 681 nihil
2062 597 2252 691 possit
2286 592 2592 666 determi-

581 712 734 792 ‚nari
748 708 831 781 ad
855 709 1172 783 desectum
1189 736 1216 792 ,-
1242 731 1394 805 ergo
1411 712 1610 781 existit
1633 725 1750 781 ens
1770 708 2297 795 perfectissimum
2317 702 2589 798 adeoque
2670 739 2683 743 -

591 812 763 891 Deus
794 819 876 911 (1)

1260 1048 1872 1123 OBJECTIONES
1998 1043 2003 1047 ⁵

612 1346 617 1352 .
686 1285 835 1355 1160
870 1283 1037 1354 OBJ.
1087 1284 1154 1354 1⁰
1204 1282 1413 1353 Positai
1436 1282 1765 1352 existentis
1811 1303 2032 1350 rerum
2071 1281 2552 1349 mundanarum
2582 1328 2598 1355 .

594 1410 737 1482 quae
766 1391 836 1460 in
863 1392 988 1460 hoc
1013 1394 1396 1483 argumento
1426 1390 1805 1481 supponitur
1829 1435 1847 1467 ‚
1902 1394 2130 1456 natura
2171 1387 2474 1456 universa
2513 1379 2605 1453 est

595 1504 813 1568 auctor
839 1499 1132 1567 omnium
1161 1498 1504 1570 effectuum
1527 1497 1809 1588 adeoque
1832 1495 2071 1566 ordinis
2091 1495 2290 1586 hujus
2322 1491 2550 1564 mundi
2586 1517 2605 1573 ς

595 1626 747 1698 ergo
764 1606 895 1693 hoc
925 1612 1386 1696 argumentum
1407 1604 1571 1674 nihil
1594 1604 1820 1697 prohat

597 1802 606 1812 .
685 1752 764 1821 R.
791 1754 876 1822 N.
900 1755 1157 1842 Suppes.
1182 1754 1334 1822 Ant.
1360 1752 1674 1844 Supponit
1695 1751 1896 1829 enim,
1926 1751 2108 1842 quasi
2137 1750 2401 1841 quaestio
2424 1755 2606 1829 esset,

601 1862 777 1929 unde
823 1864 1161 1929 immediate
1204 1862 1462 1930 effectus
1508 1868 1571 1929 et
1622 1859 1776 1929 hinc
1823 1853 1981 1929 ordo
2029 1855 2261 1928 mundi
2288 1864 2610 1930 nascatur.

599 1967 799 2037 Porro
821 1969 999 2037 facile
1020 1969 1432 2038 concedimus
1458 1969 1714 2038 effectus
1742 1973 1806 2037 et
1833 1963 2128 2038 ordinem
2157 1963 2389 2037 mundi
2409 1972 2619 2037 imme-

596 2076 764 2143 diate
784 2097 828 2143 a
847 2083 1115 2157 natura,
1144 2078 1190 2146 i.
1210 2100 1271 2147 e.
1294 2098 1334 2146 a
1355 2077 1724 2146 collectione
1752 2071 1989 2144 virium
2010 2077 2366 2145 antivarum
2391 2080 2458 2145 et
2477 2095 2618 2168 pas-

598 2185 690 2251 ‘siv
692 2199 918 2262 arum,
958 2205 1103 2273 quae
1135 2186 1386 2253 suntin
1414 2185 1605 2253 rebus
1632 2183 1906 2263 mundi,
1956 2182 2177 2253 oriri:
2216 2185 2312 2252 ast
2352 2181 2617 2274 quaestio

601 2311 737 2361 non
763 2281 898 2371 est,
933 2287 1106 2360 unde
1126 2289 1469 2360 imm'eAEate
1487 2293 1560 2361 hi
1580 2287 1837 2360 effectus
1855 2289 2182 2370 oriantur,-
2215 2281 2325 2358 sed
2357 2291 2619 2381 quaestio

602 2406 743 2477 est,
780 2402 922 2492 quis
947 2400 1335 2470 ordinaverit
1361 2402 1477 2469 has
1506 2403 1715 2480 vireS‚
1757 2401 1898 2490 quis
1942 2404 2227 2468 statuerit
2247 2399 2364 2468 has
2395 2398 2614 2491 leges,

596 2502 773 2597 juxta
799 2526 955 2597 quas
992 2513 1193 2598 agunt
1218 2558 1237 2586 ‚
1286 2513 1359 2574 ut
1380 2508 1452 2574 hi
1472 2498 1679 2598 potius
1696 2553 1719 2586 ›‚
1754 2527 1952 2598 quam
1980 2503 2088 2575 alii
2110 2506 2368 2576 effectus
2390 2508 2625 2577 oriam-³

602 2622 707 2681 tur
725 2664 747 2692 .
780 2636 916 2682 uno
939 2614 1134 2682 verbo
1158 2664 1178 2694 ,
1212 2615 1354 2704 quis
1375 2662 1394 2692 ,
1427 2616 1481 2682 si
1505 2616 1592 2682 ita
1622 2616 1793 2704 loqui
1824 2617 1916 2683 fas
1940 2616 2058 2695 sit,
2107 2621 2407 2685 naturam
2435 2622 2624 2684 natu·-

602 2724 832 2792 raverit
874 2749 891 2793 t
931 2724 1105 2814 atqui
1133 2729 1300 2792 certe
1329 2728 1556 2792 natura
1591 2745 1724 2792 non
1762 2725 2031 2815 seipsam
2067 2725 2420 2804 naturavit3
2464 2748 2620 2816 ergo

605 2852 679 2897 ex
707 2831 927 2900 ordine
969 2831 1197 2900 mundi
1240 2833 1592 2901 necessario
1636 2832 2017 2900 concludere
2070 2838 2314 2923 oportet
2369 2830 2454 2901 ud
2502 2848 2625 2900 ens

608 2935 959 3029 intelligens
984 2992 1000 3017 ,
1042 2938 1209 3029 quod
1241 2938 1317 3007 sit
1347 2945 1566 3007 auctor
1588 2936 1780 3029 hujus
1811 2940 2077 3013 ordinis.

691 3094 860 3166 OBJ.
889 3098 956 3166 2⁰
980 3092 1173 3166 Netio
1187 3118 1390 3167 causae
1411 3096 1598 3166 dehet
1616 3120 1748 3165 esse
1767 3096 1935 3177 fixa,
1961 3102 2034 3164 ut
2062 3098 2253 3188 possit
2281 3097 2405 3166 dici
2428 3117 2620 3169 causa

604 3205 743 3273 talis
773 3205 1095 3273 effectus.
1136 3205 1309 3296 atqui
1349 3196 1527 3273 notio
1573 3224 1779 3272 causae
1817 3206 1887 3272 in
1933 3200 2059 3274 hoc
2109 3212 2492 3337 argumento
2528 3210 2619 3275 est

604 3331 769 3404 vaga
791 3318 852 3380 et
887 3312 1424 3396 indeterminata3
1449 3335 1604 3403 ergo
1610 3362 1744 3383 .....

694 3458 772 3529 R.
804 3462 888 3539 D,
928 3462 1092 3549 Maj.
1127 3456 1315 3532 Notio
1349 3484 1552 3531 causae
1575 3460 1760 3531 debet
1798 3484 1929 3532 esse
1957 3464 2082 3533 fixa
2104 3467 2510 3533 antecedenter
2536 3461 2618 3531 ad

605 3569 897 3636 effectum
923 3576 984 3635 ct
1003 3570 1211 3659 quoad
1233 3588 1349 3638 nos
1369 3621 1385 3648 .
1414 3571 1502 3639 N.
1532 3573 1698 3658 Maj.
1733 3573 2159 3661 Consequenter
2181 3572 2264 3642 ad
2287 3571 2639 3649 eflectum·

607 3676 796 3745 Subd.
826 3673 1027 3746 Debet
1050 3700 1182 3747 esse
1203 3679 1326 3747 fixa
1352 3677 1399 3748 i.
1432 3700 1497 3750 e.
1521 3682 1694 3748 tanta
1722 3681 1818 3748 vis
1838 3681 2032 3751 tribui
2051 3681 2239 3753 debet
2262 3733 2280 3763 ,
2314 3703 2461 3774 quae
2482 3680 2618 3751 sus-

668 3925 739 3997 (1)
760 3927 895 3989 ,Vide
915 3928 1064 3980 etium
1083 3926 1303 3986 Suam:
1328 3925 1598 3994 Metulum-r.
1624 3928 1768 3980 Tem.
1788 3927 1855 3983 11.
1877 3928 2015 3995 Dum.
2036 3930 2121 3989 2⁹0
2142 3931 2272 3986 Soet.
2294 3934 2346 3985 fl.
2369 3930 2420 3997 ξ.
2441 3934 2495 3986 20
