<?xml version="1.0" encoding="UTF-8"?>
<!DOCTYPE html PUBLIC "-//W3C//DTD XHTML 1.0 Transitional//EN"
    "http://www.w3.org/TR/xhtml1/DTD/xhtml1-transitional.dtd">
<html xmlns="http://www.w3.org/1999/xhtml" xml:lang="en" lang="en">
 <head>
  <title>
</title>
<meta http-equiv="Content-Type" content="text/html;charset=utf-8" />
  <meta name='ocr-system' content='tesseract 3.04.00' />
  <meta name='ocr-capabilities' content='ocr_page ocr_carea ocr_par ocr_line ocrx_word'/>
</head>
<body>
  <div class='ocr_page' id='page_1' title='image "./institutionesph00rothgoog/institutionesph00rothgoog_0038.png"; bbox 0 0 2988 4832; ppageno 0'>
   <div class='ocr_carea' id='block_1_1' title="bbox 1684 462 1769 531">
    <p class='ocr_par' dir='ltr' id='par_1_1' title="bbox 1684 462 1769 531">
     <span class='ocr_line' id='line_1_1' title="bbox 1684 462 1769 531; baseline 0.012 -1"><span class='ocrx_word' id='word_1_1' title='bbox 1684 462 1769 531; x_wconf 75' lang='lat'><strong>28</strong></span> 
     </span>
    </p>
   </div>
   <div class='ocr_carea' id='block_1_2' title="bbox 719 575 2724 760">
    <p class='ocr_par' dir='ltr' id='par_1_2' title="bbox 719 575 2724 760">
     <span class='ocr_line' id='line_1_2' title="bbox 722 575 2724 673; baseline 0.003 -23"><span class='ocrx_word' id='word_1_2' title='bbox 722 587 1033 673; x_wconf 82' lang='lat' dir='ltr'><strong>quatenus</strong></span> <span class='ocrx_word' id='word_1_3' title='bbox 1075 583 1440 672; x_wconf 75' lang='lat' dir='ltr'><strong>coqitantis‚·</strong></span> <span class='ocrx_word' id='word_1_4' title='bbox 1480 579 1763 673; x_wconf 78' lang='lat' dir='ltr'><strong>adeoque</strong></span> <span class='ocrx_word' id='word_1_5' title='bbox 1810 578 1981 649; x_wconf 87' lang='lat' dir='ltr'><strong>Deus</strong></span> <span class='ocrx_word' id='word_1_6' title='bbox 2027 588 2088 650; x_wconf 87' lang='lat' dir='ltr'><strong>et</strong></span> <span class='ocrx_word' id='word_1_7' title='bbox 2124 588 2328 654; x_wconf 82' lang='lat' dir='ltr'><strong>totum</strong></span> <span class='ocrx_word' id='word_1_8' title='bbox 2359 575 2724 657; x_wconf 77' lang='lat' dir='ltr'><strong>universum</strong></span> 
     </span>
     <span class='ocr_line' id='line_1_3' title="bbox 719 696 1278 760; baseline 0.004 -3"><span class='ocrx_word' id='word_1_9' title='bbox 719 711 929 758; x_wconf 86' lang='lat' dir='ltr'><strong>unum</strong></span> <span class='ocrx_word' id='word_1_10' title='bbox 960 713 1074 758; x_wconf 89' lang='lat' dir='ltr'><strong>ens</strong></span> <span class='ocrx_word' id='word_1_11' title='bbox 1102 696 1278 760; x_wconf 86' lang='lat' dir='ltr'><strong>sunt.</strong></span> 
     </span>
    </p>
   </div>
   <div class='ocr_carea' id='block_1_3' title="bbox 710 803 2727 1867">
    <p class='ocr_par' dir='ltr' id='par_1_3' title="bbox 715 803 2727 1436">
     <span class='ocr_line' id='line_1_4' title="bbox 722 803 2727 901; baseline 0.001 -26"><span class='ocrx_word' id='word_1_12' title='bbox 722 893 735 901; x_wconf 21' lang='grc' dir='ltr'><strong><em>θ</em></strong></span> <span class='ocrx_word' id='word_1_13' title='bbox 807 804 1254 876; x_wconf 78' lang='lat' dir='ltr'><strong>Recentissime</strong></span> <span class='ocrx_word' id='word_1_14' title='bbox 1296 808 1557 878; x_wconf 87' lang='lat' dir='ltr'><strong>tandem</strong></span> <span class='ocrx_word' id='word_1_15' title='bbox 1570 805 1972 879; x_wconf 60' lang='lat' dir='ltr'><strong>‘criticismus</strong></span> <span class='ocrx_word' id='word_1_16' title='bbox 2019 803 2237 879; x_wconf 88' lang='lat' dir='ltr'><strong>Kantii</strong></span> <span class='ocrx_word' id='word_1_17' title='bbox 2283 829 2507 880; x_wconf 85' lang='lat' dir='ltr'><strong>ansam</strong></span> <span class='ocrx_word' id='word_1_18' title='bbox 2559 811 2727 881; x_wconf 80' lang='lat' dir='ltr'><strong>dedit</strong></span> 
     </span>
     <span class='ocr_line' id='line_1_5' title="bbox 718 907 2727 1009; baseline 0.003 -27"><span class='ocrx_word' id='word_1_19' title='bbox 718 907 851 984; x_wconf 75' lang='lat' dir='ltr'><strong>&#39;sive</strong></span> <span class='ocrx_word' id='word_1_20' title='bbox 891 915 1214 988; x_wconf 88' lang='lat' dir='ltr'><strong>idealismo</strong></span> <span class='ocrx_word' id='word_1_21' title='bbox 1249 916 1595 1007; x_wconf 80' lang='lat' dir='ltr'><strong>subjectivo</strong></span> <span class='ocrx_word' id='word_1_22' title='bbox 1637 918 1877 985; x_wconf 78' lang='lat' dir='ltr'><strong>Fichtei</strong></span> <span class='ocrx_word' id='word_1_23' title='bbox 1901 969 1918 997; x_wconf 90' lang='lat'><strong>,</strong></span> <span class='ocrx_word' id='word_1_24' title='bbox 1974 939 2102 1007; x_wconf 92' lang='lat' dir='ltr'><strong>quo</strong></span> <span class='ocrx_word' id='word_1_25' title='bbox 2125 928 2184 982; x_wconf 73' lang='grc' dir='ltr'><strong>τὸ</strong></span> <span class='ocrx_word' id='word_1_26' title='bbox 2227 942 2328 1007; x_wconf 75' lang='lat' dir='ltr'><strong>eqo</strong></span> <span class='ocrx_word' id='word_1_27' title='bbox 2365 921 2623 1009; x_wconf 89' lang='lat' dir='ltr'><strong>ponitur</strong></span> <span class='ocrx_word' id='word_1_28' title='bbox 2654 925 2727 987; x_wconf 90' lang='lat' dir='ltr'><strong>ut</strong></span> 
     </span>
     <span class='ocr_line' id='line_1_6' title="bbox 716 1017 2726 1116; baseline 0.002 -28"><span class='ocrx_word' id='word_1_29' title='bbox 716 1017 1053 1090; x_wconf 67' lang='lat' dir='ltr'><strong>&#39;absolutum</strong></span> <span class='ocrx_word' id='word_1_30' title='bbox 1069 1026 1480 1115; x_wconf 80' lang='lat' dir='ltr'><strong>principium,</strong></span> <span class='ocrx_word' id='word_1_31' title='bbox 1523 1024 1805 1115; x_wconf 82' lang='lat' dir='ltr'><strong>adeoque</strong></span> <span class='ocrx_word' id='word_1_32' title='bbox 1831 1025 2270 1116; x_wconf 86' lang='lat' dir='ltr'><strong>pantheismus</strong></span> <span class='ocrx_word' id='word_1_33' title='bbox 2302 1024 2533 1115; x_wconf 88' lang='lat' dir='ltr'><strong>aliquis</strong></span> <span class='ocrx_word' id='word_1_34' title='bbox 2561 1023 2726 1093; x_wconf 89' lang='lat' dir='ltr'><strong>sub-</strong></span> 
     </span>
     <span class='ocr_line' id='line_1_7' title="bbox 715 1129 2724 1223; baseline 0 -27"><span class='ocrx_word' id='word_1_35' title='bbox 715 1129 975 1220; x_wconf 79' lang='lat' dir='ltr'><strong>jectivus</strong></span> <span class='ocrx_word' id='word_1_36' title='bbox 1027 1133 1314 1200; x_wconf 81' lang='lat' dir='ltr'><strong>statuitur</strong></span> <span class='ocrx_word' id='word_1_37' title='bbox 1351 1131 1472 1223; x_wconf 85' lang='lat'>(1);</span> <span class='ocrx_word' id='word_1_38' title='bbox 1526 1133 1654 1201; x_wconf 82' lang='lat' dir='ltr'><strong>sive</strong></span> <span class='ocrx_word' id='word_1_39' title='bbox 1705 1132 2031 1202; x_wconf 87' lang='lat' dir='ltr'><strong>idealismo</strong></span> <span class='ocrx_word' id='word_1_40' title='bbox 2079 1132 2387 1222; x_wconf 81' lang='lat' dir='ltr'><strong>objectivo</strong></span> <span class='ocrx_word' id='word_1_41' title='bbox 2429 1133 2724 1198; x_wconf 76' lang='lat' dir='ltr'><strong>Sclwllin-</strong></span> 
     </span>
     <span class='ocr_line' id='line_1_8' title="bbox 715 1237 2723 1331; baseline 0.001 -28"><span class='ocrx_word' id='word_1_42' title='bbox 715 1240 810 1327; x_wconf 77' lang='lat'>92&#39;2&#39;</span> <span class='ocrx_word' id='word_1_43' title='bbox 840 1238 902 1328; x_wconf 71' lang='lat'><strong>(2</strong></span> <span class='ocrx_word' id='word_1_44' title='bbox 903 1238 954 1330; x_wconf 90' lang='lat'><strong>),</strong></span> <span class='ocrx_word' id='word_1_45' title='bbox 986 1241 1097 1331; x_wconf 92' lang='lat' dir='ltr'><strong>qui</strong></span> <span class='ocrx_word' id='word_1_46' title='bbox 1124 1241 1507 1331; x_wconf 89' lang='lat' dir='ltr'><strong>principium</strong></span> <span class='ocrx_word' id='word_1_47' title='bbox 1538 1241 1751 1309; x_wconf 90' lang='lat' dir='ltr'><strong>omnis</strong></span> <span class='ocrx_word' id='word_1_48' title='bbox 1787 1262 1932 1308; x_wconf 88' lang='lat' dir='ltr'><strong>esse</strong></span> <span class='ocrx_word' id='word_1_49' title='bbox 1947 1250 2010 1308; x_wconf 91' lang='lat' dir='ltr'><strong>et</strong></span> <span class='ocrx_word' id='word_1_50' title='bbox 2033 1260 2413 1329; x_wconf 84' lang='lat' dir='ltr'><strong>cognoscere</strong></span> <span class='ocrx_word' id='word_1_51' title='bbox 2439 1238 2509 1305; x_wconf 92' lang='lat' dir='ltr'><strong>in</strong></span> <span class='ocrx_word' id='word_1_52' title='bbox 2538 1237 2723 1305; x_wconf 89' lang='lat' dir='ltr'><strong>abso-</strong></span> 
     </span>
     <span class='ocr_line' id='line_1_9' title="bbox 715 1341 2716 1436; baseline 0 -27"><span class='ocrx_word' id='word_1_53' title='bbox 715 1341 899 1421; x_wconf 83' lang='lat' dir='ltr'><strong>luto,</strong></span> <span class='ocrx_word' id='word_1_54' title='bbox 957 1351 1031 1413; x_wconf 92' lang='lat' dir='ltr'><strong>ut</strong></span> <span class='ocrx_word' id='word_1_55' title='bbox 1084 1348 1454 1415; x_wconf 86' lang='lat' dir='ltr'><strong>omnimoda</strong></span> <span class='ocrx_word' id='word_1_56' title='bbox 1486 1342 1826 1416; x_wconf 88' lang='lat' dir='ltr'><strong>identitate</strong></span> <span class='ocrx_word' id='word_1_57' title='bbox 1885 1345 2216 1436; x_wconf 81' lang='lat' dir='ltr'><strong>subjectivi</strong></span> <span class='ocrx_word' id='word_1_58' title='bbox 2265 1350 2330 1411; x_wconf 88' lang='lat' dir='ltr'><strong>et</strong></span> <span class='ocrx_word' id='word_1_59' title='bbox 2389 1342 2716 1432; x_wconf 81' lang='lat' dir='ltr'><strong>objectivi,</strong></span> 
     </span>
    </p>

    <p class='ocr_par' dir='ltr' id='par_1_4' title="bbox 711 1433 2716 1545">
     <span class='ocr_line' id='line_1_10' title="bbox 711 1433 2716 1545; baseline -0.001 -26"><span class='ocrx_word' id='word_1_60' title='bbox 711 1453 1014 1542; x_wconf 85' lang='lat' dir='ltr'><strong>reposuit.</strong></span> <span class='ocrx_word' id='word_1_61' title='bbox 1075 1451 1245 1523; x_wconf 91' lang='lat' dir='ltr'><strong>Nam</strong></span> <span class='ocrx_word' id='word_1_62' title='bbox 1297 1433 1558 1524; x_wconf 90' lang='lat' dir='ltr'><strong>eodem</strong></span> <span class='ocrx_word' id='word_1_63' title='bbox 1551 1457 1758 1545; x_wconf 83' lang='lat' dir='ltr'><strong>-J‘ure,</strong></span> <span class='ocrx_word' id='word_1_64' title='bbox 1778 1453 1978 1521; x_wconf 89' lang='lat' dir='ltr'><strong>sicut</strong></span> <span class='ocrx_word' id='word_1_65' title='bbox 2033 1450 2456 1541; x_wconf 87' lang='lat' dir='ltr'><strong>subjectivum</strong></span> <span class='ocrx_word' id='word_1_66' title='bbox 2486 1461 2546 1514; x_wconf 80' lang='grc' dir='ltr'><strong>τὸ</strong></span> <span class='ocrx_word' id='word_1_67' title='bbox 2570 1474 2716 1538; x_wconf 76' lang='lat' dir='ltr'><strong>eqo,</strong></span> 
     </span>
    </p>

    <p class='ocr_par' dir='ltr' id='par_1_5' title="bbox 710 1558 2724 1867">
     <span class='ocr_line' id='line_1_11' title="bbox 714 1558 2724 1651; baseline -0.001 -24"><span class='ocrx_word' id='word_1_68' title='bbox 714 1560 907 1628; x_wconf 87' lang='lat' dir='ltr'><strong>etiam</strong></span> <span class='ocrx_word' id='word_1_69' title='bbox 933 1560 1317 1650; x_wconf 83' lang='lat' dir='ltr'><strong>objectivum</strong></span> <span class='ocrx_word' id='word_1_70' title='bbox 1348 1577 1408 1631; x_wconf 70' lang='grc' dir='ltr'><strong>τὸ</strong></span> <span class='ocrx_word' id='word_1_71' title='bbox 1436 1586 1706 1650; x_wconf 70' lang='lat' dir='ltr'><strong>non-eqo</strong></span> <span class='ocrx_word' id='word_1_72' title='bbox 1749 1568 2058 1651; x_wconf 84' lang='lat' dir='ltr'><strong>tanquam</strong></span> <span class='ocrx_word' id='word_1_73' title='bbox 2098 1558 2486 1650; x_wconf 86' lang='lat' dir='ltr'><strong>principium</strong></span> <span class='ocrx_word' id='word_1_74' title='bbox 2514 1560 2724 1627; x_wconf 83' lang='lat' dir='ltr'><strong>omnis</strong></span> 
     </span>
     <span class='ocr_line' id='line_1_12' title="bbox 710 1667 2722 1760; baseline -0.002 -23"><span class='ocrx_word' id='word_1_75' title='bbox 710 1690 845 1737; x_wconf 87' lang='lat' dir='ltr'><strong>esse</strong></span> <span class='ocrx_word' id='word_1_76' title='bbox 869 1670 1023 1759; x_wconf 89' lang='lat' dir='ltr'><strong>poni</strong></span> <span class='ocrx_word' id='word_1_77' title='bbox 1042 1675 1280 1758; x_wconf 89' lang='lat' dir='ltr'><strong>potest;</strong></span> <span class='ocrx_word' id='word_1_78' title='bbox 1308 1675 1403 1737; x_wconf 88' lang='lat' dir='ltr'><strong>ast</strong></span> <span class='ocrx_word' id='word_1_79' title='bbox 1428 1676 1774 1760; x_wconf 88' lang='lat' dir='ltr'><strong>utrumque</strong></span> <span class='ocrx_word' id='word_1_80' title='bbox 1793 1675 1886 1736; x_wconf 89' lang='lat' dir='ltr'><strong>est</strong></span> <span class='ocrx_word' id='word_1_81' title='bbox 1907 1667 2273 1744; x_wconf 86' lang='lat' dir='ltr'><strong>relativum,</strong></span> <span class='ocrx_word' id='word_1_82' title='bbox 2309 1667 2396 1734; x_wconf 89' lang='lat' dir='ltr'><strong>ita</strong></span> <span class='ocrx_word' id='word_1_83' title='bbox 2421 1673 2495 1734; x_wconf 87' lang='lat' dir='ltr'><strong>ut</strong></span> <span class='ocrx_word' id='word_1_84' title='bbox 2513 1688 2722 1733; x_wconf 92' lang='lat' dir='ltr'><strong>unum</strong></span> 
     </span>
     <span class='ocr_line' id='line_1_13' title="bbox 713 1773 2723 1867; baseline 0.002 -27"><span class='ocrx_word' id='word_1_85' title='bbox 713 1775 988 1842; x_wconf 83' lang='lat' dir='ltr'><strong>alterum</strong></span> <span class='ocrx_word' id='word_1_86' title='bbox 1024 1782 1380 1866; x_wconf 88' lang='lat' dir='ltr'><strong>supponat,</strong></span> <span class='ocrx_word' id='word_1_87' title='bbox 1416 1796 1570 1867; x_wconf 85' lang='lat' dir='ltr'><strong>ergo</strong></span> <span class='ocrx_word' id='word_1_88' title='bbox 1598 1782 1901 1844; x_wconf 89' lang='lat' dir='ltr'><strong>neutrum</strong></span> <span class='ocrx_word' id='word_1_89' title='bbox 1939 1780 2033 1842; x_wconf 88' lang='lat' dir='ltr'><strong>est</strong></span> <span class='ocrx_word' id='word_1_90' title='bbox 2070 1773 2470 1858; x_wconf 88' lang='lat' dir='ltr'><strong>absolutum,</strong></span> <span class='ocrx_word' id='word_1_91' title='bbox 2507 1778 2571 1840; x_wconf 91' lang='lat' dir='ltr'><strong>et</strong></span> <span class='ocrx_word' id='word_1_92' title='bbox 2599 1773 2723 1845; x_wconf 79' lang='lat' dir='ltr'><strong>hoc</strong></span> 
     </span>
    </p>
   </div>
   <div class='ocr_carea' id='block_1_4' title="bbox 706 1881 2727 2822">
    <p class='ocr_par' dir='ltr' id='par_1_6' title="bbox 706 1881 2727 2619">
     <span class='ocr_line' id='line_1_14' title="bbox 710 1881 2715 1973; baseline 0 -22"><span class='ocrx_word' id='word_1_93' title='bbox 710 1881 783 1951; x_wconf 92' lang='lat' dir='ltr'><strong>in</strong></span> <span class='ocrx_word' id='word_1_94' title='bbox 822 1903 900 1949; x_wconf 89' lang='lat' dir='ltr'><strong>eo</strong></span> <span class='ocrx_word' id='word_1_95' title='bbox 930 1883 1376 1973; x_wconf 81' lang='lat' dir='ltr'><strong>reponendum</strong></span> <span class='ocrx_word' id='word_1_96' title='bbox 1407 1889 1538 1963; x_wconf 88' lang='lat' dir='ltr'><strong>est,</strong></span> <span class='ocrx_word' id='word_1_97' title='bbox 1580 1884 1651 1951; x_wconf 88' lang='lat' dir='ltr'><strong>in</strong></span> <span class='ocrx_word' id='word_1_98' title='bbox 1675 1905 1809 1973; x_wconf 88' lang='lat' dir='ltr'><strong>quo</strong></span> <span class='ocrx_word' id='word_1_99' title='bbox 1839 1903 2230 1971; x_wconf 84' lang='lat' dir='ltr'><strong>cognoscens</strong></span> <span class='ocrx_word' id='word_1_100' title='bbox 2255 1885 2332 1950; x_wconf 90' lang='lat' dir='ltr'><strong>et</strong></span> <span class='ocrx_word' id='word_1_101' title='bbox 2348 1882 2715 1973; x_wconf 86' lang='lat' dir='ltr'><strong>cognitum,</strong></span> 
     </span>
     <span class='ocr_line' id='line_1_15' title="bbox 711 1986 2723 2080; baseline 0 -26"><span class='ocrx_word' id='word_1_102' title='bbox 711 1986 1134 2078; x_wconf 84' lang='lat' dir='ltr'><strong>subjectivum</strong></span> <span class='ocrx_word' id='word_1_103' title='bbox 1184 1996 1249 2058; x_wconf 90' lang='lat' dir='ltr'><strong>et</strong></span> <span class='ocrx_word' id='word_1_104' title='bbox 1290 1990 1672 2080; x_wconf 80' lang='lat' dir='ltr'><strong>objectivum</strong></span> <span class='ocrx_word' id='word_1_105' title='bbox 1700 2041 1719 2069; x_wconf 85' lang='lat'><strong>,</strong></span> <span class='ocrx_word' id='word_1_106' title='bbox 1768 1990 2017 2079; x_wconf 87' lang='lat' dir='ltr'><strong>spiritus</strong></span> <span class='ocrx_word' id='word_1_107' title='bbox 2055 1993 2118 2056; x_wconf 89' lang='lat' dir='ltr'><strong>et</strong></span> <span class='ocrx_word' id='word_1_108' title='bbox 2168 1989 2434 2057; x_wconf 86' lang='lat' dir='ltr'><strong>materia</strong></span> <span class='ocrx_word' id='word_1_109' title='bbox 2476 1989 2723 2056; x_wconf 87' lang='lat' dir='ltr'><strong>coinci-</strong></span> 
     </span>
     <span class='ocr_line' id='line_1_16' title="bbox 715 2095 2724 2187; baseline -0.001 -24"><span class='ocrx_word' id='word_1_110' title='bbox 715 2095 878 2163; x_wconf 83' lang='lat' dir='ltr'><strong>dunt</strong></span> <span class='ocrx_word' id='word_1_111' title='bbox 899 2148 920 2176; x_wconf 92' lang='lat'><strong>,</strong></span> <span class='ocrx_word' id='word_1_112' title='bbox 962 2097 1007 2166; x_wconf 91' lang='lat' dir='ltr'><strong>i.</strong></span> <span class='ocrx_word' id='word_1_113' title='bbox 1062 2120 1124 2167; x_wconf 88' lang='lat' dir='ltr'><strong>e.</strong></span> <span class='ocrx_word' id='word_1_114' title='bbox 1185 2098 1254 2166; x_wconf 91' lang='lat' dir='ltr'><strong>in</strong></span> <span class='ocrx_word' id='word_1_115' title='bbox 1310 2097 1597 2168; x_wconf 68' lang='lat' dir='ltr'><strong>absoluta</strong></span> <span class='ocrx_word' id='word_1_116' title='bbox 1652 2097 1971 2166; x_wconf 87' lang='lat' dir='ltr'><strong>identitate</strong></span> <span class='ocrx_word' id='word_1_117' title='bbox 2020 2118 2131 2164; x_wconf 92' lang='lat' dir='ltr'><strong>seu</strong></span> <span class='ocrx_word' id='word_1_118' title='bbox 2188 2096 2261 2165; x_wconf 86' lang='lat' dir='ltr'><strong>in</strong></span> <span class='ocrx_word' id='word_1_119' title='bbox 2304 2097 2724 2187; x_wconf 77' lang='lat' dir='ltr'><strong>indifferentia</strong></span> 
     </span>
     <span class='ocr_line' id='line_1_17' title="bbox 709 2203 2725 2298; baseline 0 -28"><span class='ocrx_word' id='word_1_120' title='bbox 709 2205 984 2271; x_wconf 77' lang='lat' dir='ltr'><strong>absoluta</strong></span> <span class='ocrx_word' id='word_1_121' title='bbox 1022 2208 1297 2274; x_wconf 81' lang='lat' dir='ltr'><strong>omnium</strong></span> <span class='ocrx_word' id='word_1_122' title='bbox 1341 2208 1758 2298; x_wconf 79' lang='lat' dir='ltr'><strong>differentium</strong></span> <span class='ocrx_word' id='word_1_123' title='bbox 1774 2256 1797 2285; x_wconf 88' lang='lat'><strong>,</strong></span> <span class='ocrx_word' id='word_1_124' title='bbox 1850 2227 1995 2295; x_wconf 85' lang='lat' dir='ltr'><strong>quae</strong></span> <span class='ocrx_word' id='word_1_125' title='bbox 2029 2226 2163 2273; x_wconf 92' lang='lat' dir='ltr'><strong>non</strong></span> <span class='ocrx_word' id='word_1_126' title='bbox 2193 2203 2527 2272; x_wconf 76' lang='lat' dir='ltr'><strong>ratiocinio</strong></span> <span class='ocrx_word' id='word_1_127' title='bbox 2574 2224 2725 2293; x_wconf 85' lang='lat' dir='ltr'><strong>cog-</strong></span> 
     </span>
     <span class='ocr_line' id='line_1_18' title="bbox 706 2308 2719 2402; baseline -0.003 -19"><span class='ocrx_word' id='word_1_128' title='bbox 706 2312 923 2394; x_wconf 78' lang='lat' dir='ltr'><strong>nosci3</strong></span> <span class='ocrx_word' id='word_1_129' title='bbox 968 2312 1079 2380; x_wconf 89' lang='lat' dir='ltr'><strong>sed</strong></span> <span class='ocrx_word' id='word_1_130' title='bbox 1118 2315 1473 2381; x_wconf 76' lang='lat' dir='ltr'><strong>immediata</strong></span> <span class='ocrx_word' id='word_1_131' title='bbox 1494 2312 1847 2382; x_wconf 71' lang='lat' dir='ltr'><strong>&#39;intuitione</strong></span> <span class='ocrx_word' id='word_1_132' title='bbox 1874 2314 2141 2379; x_wconf 81' lang='lat' dir='ltr'><strong>rationis</strong></span> <span class='ocrx_word' id='word_1_133' title='bbox 2183 2309 2581 2402; x_wconf 88' lang='lat' dir='ltr'><strong>apprehendi</strong></span> <span class='ocrx_word' id='word_1_134' title='bbox 2604 2308 2719 2376; x_wconf 88' lang='lat' dir='ltr'><strong>de-</strong></span> 
     </span>
     <span class='ocr_line' id='line_1_19' title="bbox 707 2416 2727 2514; baseline -0.002 -27"><span class='ocrx_word' id='word_1_135' title='bbox 707 2416 838 2489; x_wconf 89' lang='lat' dir='ltr'><strong>het.</strong></span> <span class='ocrx_word' id='word_1_136' title='bbox 878 2418 1066 2490; x_wconf 90' lang='lat' dir='ltr'><strong>Unde</strong></span> <span class='ocrx_word' id='word_1_137' title='bbox 1104 2422 1363 2490; x_wconf 88' lang='lat' dir='ltr'><strong>schema</strong></span> <span class='ocrx_word' id='word_1_138' title='bbox 1408 2422 1760 2512; x_wconf 70' lang='lat' dir='ltr'><strong>systematis</strong></span> <span class='ocrx_word' id='word_1_139' title='bbox 1825 2418 2285 2511; x_wconf 87' lang='lat' dir='ltr'><strong>Schellingiani</strong></span> <span class='ocrx_word' id='word_1_140' title='bbox 2327 2419 2415 2490; x_wconf 90' lang='lat' dir='ltr'><strong>ita</strong></span> <span class='ocrx_word' id='word_1_141' title='bbox 2447 2416 2727 2514; x_wconf 77' lang='lat' dir='ltr'><strong>proponi¹</strong></span> 
     </span>
     <span class='ocr_line' id='line_1_20' title="bbox 706 2534 941 2619; baseline 0.021 -25"><span class='ocrx_word' id='word_1_142' title='bbox 706 2534 941 2619; x_wconf 83' lang='lat' dir='ltr'><strong>potest:</strong></span> 
     </span>
    </p>

    <p class='ocr_par' dir='ltr' id='par_1_7' title="bbox 708 2641 2722 2822">
     <span class='ocr_line' id='line_1_21' title="bbox 795 2641 2722 2738; baseline 0.002 -26"><span class='ocrx_word' id='word_1_143' title='bbox 795 2641 966 2713; x_wconf 90' lang='lat' dir='ltr'><strong>Deus</strong></span> <span class='ocrx_word' id='word_1_144' title='bbox 993 2646 1065 2714; x_wconf 92' lang='lat' dir='ltr'><strong>in</strong></span> <span class='ocrx_word' id='word_1_145' title='bbox 1089 2669 1155 2715; x_wconf 92' lang='lat' dir='ltr'><strong>se</strong></span> <span class='ocrx_word' id='word_1_146' title='bbox 1175 2653 1238 2716; x_wconf 90' lang='lat' dir='ltr'><strong>et</strong></span> <span class='ocrx_word' id='word_1_147' title='bbox 1255 2648 1384 2738; x_wconf 68' lang='lat' dir='ltr'><strong>qua</strong></span> <span class='ocrx_word' id='word_1_148' title='bbox 1395 2668 1500 2723; x_wconf 68' lang='grc' dir='ltr'><strong>πᾶν</strong></span> <span class='ocrx_word' id='word_1_149' title='bbox 1521 2669 1634 2716; x_wconf 89' lang='lat' dir='ltr'><strong>seu</strong></span> <span class='ocrx_word' id='word_1_150' title='bbox 1654 2645 1784 2717; x_wconf 70' lang='lat' dir='ltr'><strong>uua</strong></span> <span class='ocrx_word' id='word_1_151' title='bbox 1799 2646 2084 2718; x_wconf 88' lang='lat' dir='ltr'><strong>absoluta</strong></span> <span class='ocrx_word' id='word_1_152' title='bbox 2104 2647 2176 2715; x_wconf 91' lang='lat' dir='ltr'><strong>in</strong></span> <span class='ocrx_word' id='word_1_153' title='bbox 2206 2668 2274 2718; x_wconf 87' lang='lat' dir='ltr'><strong>se</strong></span> <span class='ocrx_word' id='word_1_154' title='bbox 2299 2643 2722 2715; x_wconf 84' lang='lat' dir='ltr'><strong>indifferentia</strong></span> 
     </span>
     <span class='ocr_line' id='line_1_22' title="bbox 708 2750 1184 2822; baseline 0.013 -6"><span class='ocrx_word' id='word_1_155' title='bbox 708 2750 1082 2820; x_wconf 80' lang='lat' dir='ltr'><strong>differentiat</strong></span> <span class='ocrx_word' id='word_1_156' title='bbox 1116 2775 1184 2822; x_wconf 86' lang='lat' dir='ltr'><strong>se</strong></span> 
     </span>
    </p>
   </div>
   <div class='ocr_carea' id='block_1_5' title="bbox 789 2883 2699 3432">
    <p class='ocr_par' dir='ltr' id='par_1_8' title="bbox 789 2883 2699 3432">
     <span class='ocr_line' id='line_1_23' title="bbox 835 2883 2579 2971; baseline 0 -17"><span class='ocrx_word' id='word_1_157' title='bbox 835 2883 975 2966; x_wconf 67' lang='lat' dir='ltr'><strong>Qua</strong></span> <span class='ocrx_word' id='word_1_158' title='bbox 995 2887 1332 2958; x_wconf 85' lang='lat' dir='ltr'><strong>relativum</strong></span> <span class='ocrx_word' id='word_1_159' title='bbox 1356 2886 1527 2958; x_wconf 88' lang='lat' dir='ltr'><strong>reale</strong></span> <span class='ocrx_word' id='word_1_160' title='bbox 1850 2889 1993 2971; x_wconf 70' lang='lat' dir='ltr'><strong>Qua</strong></span> <span class='ocrx_word' id='word_1_161' title='bbox 2020 2887 2357 2958; x_wconf 80' lang='lat' dir='ltr'><strong>relativum</strong></span> <span class='ocrx_word' id='word_1_162' title='bbox 2378 2886 2579 2955; x_wconf 84' lang='lat' dir='ltr'><strong>ideale</strong></span> 
     </span>
     <span class='ocr_line' id='line_1_24' title="bbox 1491 2995 1933 3090; baseline -0.002 -24"><span class='ocrx_word' id='word_1_163' title='bbox 1491 2995 1613 3066; x_wconf 88' lang='lat' dir='ltr'><strong>sub</strong></span> <span class='ocrx_word' id='word_1_164' title='bbox 1641 2999 1933 3090; x_wconf 80' lang='lat' dir='ltr'><strong>potentiis</strong></span> 
     </span>
     <span class='ocr_line' id='line_1_25' title="bbox 795 3110 2622 3200; baseline -0.001 -9"><span class='ocrx_word' id='word_1_165' title='bbox 795 3110 1159 3200; x_wconf 72' lang='lat' dir='ltr'><strong>Gravitatis,</strong></span> <span class='ocrx_word' id='word_1_166' title='bbox 1290 3120 1568 3191; x_wconf 73' lang='lat' dir='ltr'><strong>Materiae</strong></span> <span class='ocrx_word' id='word_1_167' title='bbox 1792 3119 2110 3200; x_wconf 86' lang='lat' dir='ltr'><strong>Veritatis,</strong></span> <span class='ocrx_word' id='word_1_168' title='bbox 2333 3120 2622 3193; x_wconf 84' lang='lat' dir='ltr'><strong>Scientiae</strong></span> 
     </span>
     <span class='ocr_line' id='line_1_26' title="bbox 793 3228 2699 3312; baseline -0.002 -13"><span class='ocrx_word' id='word_1_169' title='bbox 793 3231 1104 3312; x_wconf 83' lang='lat' dir='ltr'><strong>Luminis,</strong></span> <span class='ocrx_word' id='word_1_170' title='bbox 1290 3230 1502 3301; x_wconf 73' lang='lat' dir='ltr'><strong>Motus</strong></span> <span class='ocrx_word' id='word_1_171' title='bbox 1784 3230 2108 3311; x_wconf 59' lang='lat' dir='ltr'><strong>Ennianis,</strong></span> <span class='ocrx_word' id='word_1_172' title='bbox 2210 3260 2216 3266; x_wconf 94' lang='lat'><strong>·</strong></span> <span class='ocrx_word' id='word_1_173' title='bbox 2333 3228 2699 3302; x_wconf 87' lang='lat' dir='ltr'><strong>Moralitatis</strong></span> 
     </span>
     <span class='ocr_line' id='line_1_27' title="bbox 789 3338 2534 3432; baseline -0.001 -22"><span class='ocrx_word' id='word_1_174' title='bbox 789 3339 975 3421; x_wconf 74' lang='lat' dir='ltr'><strong>Vitae,</strong></span> <span class='ocrx_word' id='word_1_175' title='bbox 1274 3339 1641 3432; x_wconf 86' lang='lat' dir='ltr'><strong>Organismi</strong></span> <span class='ocrx_word' id='word_1_176' title='bbox 1785 3338 2305 3419; x_wconf 79' lang='lat' dir='ltr'><strong>PulchritudiniS,</strong></span> <span class='ocrx_word' id='word_1_177' title='bbox 2340 3341 2534 3409; x_wconf 81' lang='lat' dir='ltr'><strong>Artis.</strong></span> 
     </span>
    </p>
   </div>
   <div class='ocr_carea' id='block_1_6' title="bbox 671 3536 2719 3974">
    <p class='ocr_par' dir='ltr' id='par_1_9' title="bbox 671 3536 2719 3892">
     <span class='ocr_line' id='line_1_28' title="bbox 765 3536 2715 3606; baseline 0.003 -19"><span class='ocrx_word' id='word_1_178' title='bbox 765 3536 835 3603; x_wconf 87' lang='lat'><strong>(1)</strong></span> <span class='ocrx_word' id='word_1_179' title='bbox 866 3538 938 3589; x_wconf 86' lang='lat' dir='ltr'><strong>De</strong></span> <span class='ocrx_word' id='word_1_180' title='bbox 960 3552 1058 3602; x_wconf 84' lang='lat' dir='ltr'><strong>quo</strong></span> <span class='ocrx_word' id='word_1_181' title='bbox 1071 3539 1180 3603; x_wconf 78' lang='lat' dir='ltr'><strong>Jam</strong></span> <span class='ocrx_word' id='word_1_182' title='bbox 1199 3537 1451 3605; x_wconf 78' lang='lat' dir='ltr'><strong>Schemng</strong></span> <span class='ocrx_word' id='word_1_183' title='bbox 1469 3555 1489 3593; x_wconf 75' lang='lat'><strong>.-</strong></span> <span class='ocrx_word' id='word_1_184' title='bbox 1508 3539 1896 3606; x_wconf 75' lang='lat' dir='ltr'><strong>Plu&#39;tosopht&#39;sche</strong></span> <span class='ocrx_word' id='word_1_185' title='bbox 1914 3539 2197 3606; x_wconf 65' lang='lat' dir='ltr'><strong>Schristm4</strong></span> <span class='ocrx_word' id='word_1_186' title='bbox 2216 3539 2375 3590; x_wconf 81' lang='lat' dir='ltr'><strong>Band.</strong></span> <span class='ocrx_word' id='word_1_187' title='bbox 2411 3540 2450 3592; x_wconf 52' lang='lat'><strong>1,</strong></span> <span class='ocrx_word' id='word_1_188' title='bbox 2476 3538 2608 3590; x_wconf 78' lang='lat' dir='ltr'><strong>Seite</strong></span> <span class='ocrx_word' id='word_1_189' title='bbox 2635 3543 2715 3593; x_wconf 70' lang='lat'><strong>¹0⁴.</strong></span> 
     </span>
     <span class='ocr_line' id='line_1_29' title="bbox 701 3609 2715 3678; baseline 0.001 -18"><span class='ocrx_word' id='word_1_190' title='bbox 701 3609 820 3660; x_wconf 84' lang='lat' dir='ltr'><strong>dicit</strong></span> <span class='ocrx_word' id='word_1_191' title='bbox 838 3611 1234 3676; x_wconf 81' lang='lat' dir='ltr'><strong>:Philosophiam</strong></span> <span class='ocrx_word' id='word_1_192' title='bbox 1253 3616 1307 3664; x_wconf 90' lang='lat' dir='ltr'><strong>in</strong></span> <span class='ocrx_word' id='word_1_193' title='bbox 1325 3631 1390 3678; x_wconf 67' lang='lat' dir='ltr'><strong>cq-</strong></span> <span class='ocrx_word' id='word_1_194' title='bbox 1405 3629 1497 3678; x_wconf 86' lang='lat' dir='ltr'><strong>ego</strong></span> <span class='ocrx_word' id='word_1_195' title='bbox 1517 3615 1771 3664; x_wconf 87' lang='lat' dir='ltr'><strong>Fichtiano</strong></span> <span class='ocrx_word' id='word_1_196' title='bbox 1785 3614 2027 3663; x_wconf 81' lang='lat' dir='ltr'><strong>invenisse</strong></span> <span class='ocrx_word' id='word_1_197' title='bbox 2041 3627 2188 3663; x_wconf 82' lang='lat' dir='ltr'><strong>suurn</strong></span> <span class='ocrx_word' id='word_1_198' title='bbox 2203 3613 2254 3666; x_wconf 70' lang='grc' dir='ltr'><strong>ἄν</strong></span> <span class='ocrx_word' id='word_1_199' title='bbox 2273 3620 2371 3666; x_wconf 79' lang='grc' dir='ltr'><strong>Και</strong></span> <span class='ocrx_word' id='word_1_200' title='bbox 2391 3634 2477 3666; x_wconf 70' lang='lat' dir='ltr'><strong>coo·</strong></span> <span class='ocrx_word' id='word_1_201' title='bbox 2493 3611 2619 3663; x_wconf 82' lang='lat' dir='ltr'><strong>Vide</strong></span> <span class='ocrx_word' id='word_1_202' title='bbox 2638 3614 2715 3663; x_wconf 87' lang='lat' dir='ltr'><strong>Cl.</strong></span> 
     </span>
     <span class='ocr_line' id='line_1_30' title="bbox 697 3679 2719 3752; baseline 0.003 -21"><span class='ocrx_word' id='word_1_203' title='bbox 697 3679 862 3740; x_wconf 74' lang='lat' dir='ltr'><strong>Max-et</strong></span> <span class='ocrx_word' id='word_1_204' title='bbox 882 3696 898 3733; x_wconf 75' lang='lat' dir='ltr'>z</span> <span class='ocrx_word' id='word_1_205' title='bbox 922 3683 1071 3735; x_wconf 77' lang='lat' dir='ltr'><strong>Essai</strong></span> <span class='ocrx_word' id='word_1_206' title='bbox 1087 3700 1178 3735; x_wconf 80' lang='lat' dir='ltr'><strong>sur</strong></span> <span class='ocrx_word' id='word_1_207' title='bbox 1199 3688 1246 3737; x_wconf 86' lang='lat' dir='ltr'><strong>le</strong></span> <span class='ocrx_word' id='word_1_208' title='bbox 1256 3689 1564 3752; x_wconf 66' lang='lat' dir='ltr'><strong>pantheisme</strong></span> <span class='ocrx_word' id='word_1_209' title='bbox 1584 3685 1711 3735; x_wconf 81' lang='lat' dir='ltr'><strong>dans</strong></span> <span class='ocrx_word' id='word_1_210' title='bbox 1729 3685 1800 3734; x_wconf 85' lang='lat' dir='ltr'><strong>les</strong></span> <span class='ocrx_word' id='word_1_211' title='bbox 1821 3684 2032 3736; x_wconf 53' lang='lat' dir='ltr'><strong>Societas</strong></span> <span class='ocrx_word' id='word_1_212' title='bbox 2059 3685 2334 3739; x_wconf 72' lang='lat' dir='ltr'><strong>moder-nes.</strong></span> <span class='ocrx_word' id='word_1_213' title='bbox 2363 3680 2479 3749; x_wconf 74' lang='lat' dir='ltr'><strong>cap.</strong></span> <span class='ocrx_word' id='word_1_214' title='bbox 2505 3688 2554 3737; x_wconf 71' lang='grc'><strong>4.</strong></span> <span class='ocrx_word' id='word_1_215' title='bbox 2588 3685 2719 3737; x_wconf 78' lang='lat' dir='ltr'><strong>Vide</strong></span> 
     </span>
     <span class='ocr_line' id='line_1_31' title="bbox 671 3753 2716 3823; baseline 0.002 -22"><span class='ocrx_word' id='word_1_216' title='bbox 671 3771 683 3786; x_wconf 83' lang='lat'>·</span> <span class='ocrx_word' id='word_1_217' title='bbox 698 3753 849 3802; x_wconf 79' lang='lat' dir='ltr'><strong>etiam</strong></span> <span class='ocrx_word' id='word_1_218' title='bbox 867 3754 919 3803; x_wconf 88' lang='lat' dir='ltr'><strong>in</strong></span> <span class='ocrx_word' id='word_1_219' title='bbox 935 3755 1115 3819; x_wconf 65' lang='lat' dir='ltr'><strong>Synop.</strong></span> <span class='ocrx_word' id='word_1_220' title='bbox 1132 3753 1248 3808; x_wconf 81' lang='lat' dir='ltr'><strong>hist.</strong></span> <span class='ocrx_word' id='word_1_221' title='bbox 1258 3757 1392 3820; x_wconf 72' lang='lat' dir='ltr'><strong>phil.</strong></span> <span class='ocrx_word' id='word_1_222' title='bbox 1403 3757 1599 3808; x_wconf 72' lang='lat' dir='ltr'><strong>Pei-iod.</strong></span> <span class='ocrx_word' id='word_1_223' title='bbox 1621 3756 1707 3806; x_wconf 88' lang='lat'>111.</span> <span class='ocrx_word' id='word_1_224' title='bbox 1724 3754 1907 3818; x_wconf 80' lang='lat' dir='ltr'><strong>Epoch.</strong></span> <span class='ocrx_word' id='word_1_225' title='bbox 1932 3759 1979 3806; x_wconf 79' lang='grc'><strong>3.</strong></span> <span class='ocrx_word' id='word_1_226' title='bbox 2002 3759 2073 3821; x_wconf 78' lang='lat'><strong>1⁰,</strong></span> <span class='ocrx_word' id='word_1_227' title='bbox 2086 3759 2159 3819; x_wconf 77' lang='lat'><strong>2⁰,</strong></span> <span class='ocrx_word' id='word_1_228' title='bbox 2176 3762 2230 3806; x_wconf 80' lang='lat'><strong>3⁰</strong></span> <span class='ocrx_word' id='word_1_229' title='bbox 2249 3760 2512 3823; x_wconf 73' lang='lat' dir='ltr'><strong>systemata</strong></span> <span class='ocrx_word' id='word_1_230' title='bbox 2526 3757 2716 3821; x_wconf 82' lang='lat' dir='ltr'><strong>Kantii,</strong></span> 
     </span>
     <span class='ocr_line' id='line_1_32' title="bbox 702 3824 1514 3892; baseline 0 -14"><span class='ocrx_word' id='word_1_231' title='bbox 702 3824 888 3878; x_wconf 80' lang='lat' dir='ltr'><strong>Fichtei</strong></span> <span class='ocrx_word' id='word_1_232' title='bbox 908 3830 959 3877; x_wconf 82' lang='lat' dir='ltr'><strong>et</strong></span> <span class='ocrx_word' id='word_1_233' title='bbox 971 3828 1257 3892; x_wconf 82' lang='lat' dir='ltr'><strong>Schessingii</strong></span> <span class='ocrx_word' id='word_1_234' title='bbox 1280 3828 1514 3890; x_wconf 69' lang='lat' dir='ltr'><strong>exposita.</strong></span> 
     </span>
    </p>

    <p class='ocr_par' dir='ltr' id='par_1_10' title="bbox 765 3897 2716 3974">
     <span class='ocr_line' id='line_1_33' title="bbox 765 3897 2716 3974; baseline 0.003 -19"><span class='ocrx_word' id='word_1_235' title='bbox 765 3897 833 3967; x_wconf 74' lang='lat'><strong>(2)</strong></span> <span class='ocrx_word' id='word_1_236' title='bbox 864 3897 919 3955; x_wconf 79' lang='lat' dir='ltr'><strong>S·</strong></span> <span class='ocrx_word' id='word_1_237' title='bbox 1199 3900 1647 3962; x_wconf 73' lang='lat' dir='ltr'><strong>transcendencalen</strong></span> <span class='ocrx_word' id='word_1_238' title='bbox 1685 3901 1996 3962; x_wconf 74' lang='lat' dir='ltr'><strong>Identismus.</strong></span> <span class='ocrx_word' id='word_1_239' title='bbox 2029 3930 2094 3946; x_wconf 91' lang='lat'>-</span> <span class='ocrx_word' id='word_1_240' title='bbox 2124 3902 2608 3974; x_wconf 61' lang='lat' dir='ltr'><strong>Natuaeplattosophie.</strong></span> <span class='ocrx_word' id='word_1_241' title='bbox 2637 3927 2716 3968; x_wconf 54' lang='lat'><strong>.-</strong></span> 
     </span>
    </p>
   </div>
  </div>
 </body>
</html>
