2988 4832
1444 486 1535 580 20

543 616 647 699 6·
691 623 907 700 Atomi
947 604 1080 702 istae
1110 653 1234 699 non
1261 640 1513 722 possunt
1566 612 1795 696 Meri
1828 628 1874 696 ἄ
1915 644 2143 696 summo
2192 612 2497 702 deorsum.

390 773 394 777 ⁴
489 734 658 807 Nam
692 745 902 808 motus
929 739 1158 830 aliquis
1184 759 1224 807 a
1254 757 1509 807 summo
1536 733 1836 805 deorsum
1880 734 2160 805 eatenus
2194 732 2321 805 dici
2343 754 2494 830 pos-

489 851 619 925 set,
657 845 973 937 quatenus
1003 844 1379 938 supponitur
1413 860 1644 935 corpus
1680 841 1987 934 aliquod
1959 864 2100 936 Jam
2135 841 2336 919 fixum
2354 850 2497 916 tan-

392 998 399 1007 ·
488 972 686 1045 quam
711 959 1005 1023 centrum
1028 1005 1047 1034 ,
1065 956 1245 1045 juxta
1264 951 1437 1044 quod
1458 948 1719 1021 directio
1738 951 1955 1021 motus
1987 950 2435 1023 denominetur
2467 976 2488 1024 ε

488 1061 666 1151 atqui
681 1063 861 1151 juxta
883 1062 1336 1132 casualismum
1367 1064 1515 1129 ante
1543 1065 1788 1129 atomos
1813 1060 2111 1151 primitus
2144 1060 2215 1129 in
2243 1066 2496 1130 motum

489 1168 716 1258 positas
746 1168 1005 1238 nullum
1030 1173 1168 1238 erat
1204 1166 1572 1259 huJusmodi
1601 1171 1919 1247 centrum,
1955 1165 2037 1234 ad
2070 1165 2245 1257 quod
2279 1166 2498 1237 relata

489 1273 624 1343 istae
654 1275 849 1344 atomi
873 1275 943 1344 in
961 1275 1136 1345 hanc
1155 1276 1384 1366 potius,
1410 1295 1608 1365 quam
1636 1275 1710 1343 in
1738 1273 1919 1343 illam
1941 1274 2356 1345 directionem
2372 1275 2497 1345 dici

491 1386 745 1473 possent
774 1382 1019 1452 moveri
1044 1409 1063 1462 ς
1103 1381 1230 1449 hoc
1254 1382 1433 1451 enim
1469 1385 1765 1449 centrum
1798 1380 1882 1448 ab
1922 1379 2073 1470 ipsis
2096 1382 2322 1450 atomis
2344 1402 2497 1452 con-

491 1511 683 1558 cursu
709 1490 961 1558 sortuito
994 1489 1170 1580 prius
1192 1493 1329 1557 erat
1357 1487 1872 1557 constituendum
1899 1513 1917 1569 3
1948 1509 2103 1578 ergo
2145 1486 2496 1560 absurdum
2600 1578 2606 1583 θ

494 1600 556 1664 et
586 1593 967 1686 Philosopho
999 1594 1341 1683 indignum
1369 1599 1462 1664 est
1485 1615 1807 1664 assumere
1828 1645 1846 1673 ,
1871 1593 2222 1664 istiusmodi
2272 1597 2497 1666 atomis

445 1776 453 1789 ,
493 1711 741 1773 motum
769 1705 1047 1793 aliquem
1077 1725 1116 1772 a
1157 1725 1413 1771 summo
1453 1702 1751 1772 deorsum
1780 1703 2170 1772 convenisse.
2214 1700 2497 1772 Demum

495 1813 630 1881 istae
668 1813 864 1880 atomi

583 1939 649 2003 7⁰
679 1937 822 2003 Non
872 1945 1118 2022 possunt
1146 1934 1291 1998 >dici
1331 1934 1657 1998 clinamiue
1694 1933 1900 2020 aliquo
1934 1933 2195 1999 deviasse
2220 1955 2261 1999 a
2290 1933 2498 2000 direc-

486 2045 652 2111 tione
690 2043 1038 2132 parallela.-
1066 2038 1236 2109 Nam
1258 2039 1457 2107 atomi
1481 2039 1615 2107 istae
1640 2042 2089 2130 supponuntur
2120 2043 2185 2106 et
2227 2039 2499 2130 supponi

484 2149 726 2221 ,debent
753 2153 940 2216 motae
960 2168 1094 2216 esse
1110 2168 1187 2215 ex
1208 2146 1573 2215 necessitate
1596 2142 1841 2215 naturae
1868 2165 1999 2213 suae
2027 2169 2047 2213 ε
2069 2146 2244 2236 atqui
2266 2166 2499 2238 repug-

494 2263 607 2325 nat
654 2257 1065 2324 directionem
1103 2255 1316 2324 motus
1353 2253 1772 2322 necessariam
1812 2256 1877 2321 et
1921 2252 2313 2320 essentialem
2369 2252 2499 2321 ali·-

495 2369 750 2454 quando
779 2363 1029 2432 inflecti>
1046 2367 1155 2431 aut
1187 2360 1436 2430 deviare
1461 2389 1476 2441 ;
1513 2381 1666 2451 ergo
1696 2359 2017 2430 clinamen
2046 2357 2211 2428 istud
2236 2357 2320 2427 ab
2342 2356 2499 2449 Epi-

495 2495 649 2542 curo
679 2470 1098 2561 excogitatum
1124 2474 1220 2537 est
1246 2412 1637 2547 absurdumo,
1665 2472 1729 2535 et
1747 2472 2207 2589 consequenter
2230 2487 2350 2535 nec
2365 2471 2497 2535 ato-

493 2580 586 2649 mi
614 2579 746 2647 istae
771 2596 1061 2665 unquam
1087 2575 1157 2643 in
1185 2579 1605 2666 aggregatum
1641 2573 1896 2665 aliquod
1927 2574 2096 2642 coire
2124 2578 2502 2666 potuerunt

495 2686 599 2755 Ad
624 2705 819 2775 quam
835 2705 978 2753 rem
1002 2682 1253 2773 egregie
1276 2680 1527 2750 Tullius
1551 2680 1675 2788 (1),
1696 2680 1962 2750 acerbus
1973 2681 2166 2771 hujus
2200 2681 2500 2752 chimerae

494 2793 872 2860 insectator.
910 2814 949 2856 «
980 2791 1129 2875 Quae
1150 2812 1291 2878 erqo
1318 2812 1476 2879 aava
1515 2812 1699 2855 causa
1727 2790 1799 2855 in
1818 2798 2052 2856 natura
2076 2800 2203 2868 est,
2236 2809 2365 2877 qua·
2388 2788 2496 2855 de-

495 2900 676 2966 clinet
706 2900 1030 2964 atomum?
1057 2895 1188 2965 Aut
1217 2919 1366 2963 num
1405 2898 1753 2963 sortiuntur
1778 2898 1942 2963 inter
1980 2918 2082 2974 se,
2128 2914 2261 2983 quae
2300 2895 2500 2962 decli-

495 3016 597 3073 net
618 3055 642 3087 ,
686 3027 827 3094 quoer
847 3027 970 3071 uon
989 3007 1023 3071 ἱ)
1056 3004 1186 3072 Aut
1222 3027 1334 3071 eur
1368 3006 1623 3071 minimo
1661 3004 1955 3072 declinent
1995 3004 2339 3081 intervallo,
2367 3025 2499 3069 ma-

485 3120 625 3203 jore
678 3138 800 3181 nou
821 3118 852 3180 ἱ)
889 3114 1116 3203 Optare
1151 3114 1260 3180 hoe
1299 3115 1537 3202 quidem
1576 3125 1664 3180 est
1700 3164 1722 3193 ,
1764 3113 1899 3203 {uon
1942 3111 2281 3198 disputare.
2329 3111 2499 3178 Nam

495 3229 675 3311 neque
701 3222 1071 3288 extrinsecus
1115 3222 1442 3309 impulsam
1482 3232 1750 3288 atomum
1791 3222 1916 3286 loco
1943 3219 2170 3283 moveri
2208 3227 2265 3283 et
2309 3216 2498 3282 deeli-

495 3350 646 3393 uare
685 3327 842 3393 dicis
860 3377 881 3406 ,
910 3349 1088 3415 neque
1111 3328 1184 3393 in
1216 3328 1329 3393 illo
1371 3330 1554 3393 inani
1576 3379 1593 3406 ,
1620 3350 1734 3415 per
1768 3327 1924 3414 quod
1952 3326 2190 3411 feratur
2213 3336 2445 3390 atomus
2473 3374 2490 3401 ,

497 3436 821 3523 quidquam
842 3434 1027 3521 fuisse
1064 3454 1262 3501 causae
1279 3485 1300 3514 ‚
1339 3458 1451 3501 cur
1475 3459 1548 3502 ea
1575 3458 1699 3501 non
1737 3458 1768 3502 e
1789 3436 2028 3523 reqioue
2064 3434 2366 3519 ferretum
2395 3452 2501 3494 uec

358 3595 373 3600 -
497 3546 569 3610 in
607 3544 744 3631 ipsa
771 3554 968 3611 atomo
1004 3543 1360 3624 mutationis
1395 3544 1635 3630 aliquid
1664 3544 1896 3629 factum
1939 3552 2024 3609 est
2054 3592 2074 3621 ,
2127 3537 2501 3628 quamobrem

499 3651 842 3716 naturalem
873 3651 975 3716 sui
995 3650 1524 3739 ponderismotum
1544 3673 1668 3717 nou
1689 3662 1929 3720 teneret.
1979 3651 2085 3717 Ita
2103 3670 2239 3715 eum
2258 3644 2501 3712 attulis-

487 3768 582 3825 set
606 3754 993 3849 (Epicurus)
1031 3758 1271 3828 nullam
1312 3777 1559 3824 causam
1580 3808 1598 3837 ‚
1639 3780 1769 3851 quoe
1810 3762 1999 3830 istam
2038 3754 2495 3857 decimationem

564 3962 632 4029 (1)
662 3962 734 4012 Da
758 3945 874 4015 rato.
