2988 4832
498 631 600 702 De
628 629 875 703 mundo
922 649 1075 702 vero
1110 625 1216 702 ‘sic
1251 634 1510 723 sumpto
1535 636 1669 703 tres
1701 630 2026 728 praecipue‘
2054 629 2433 728 iiuaestione‘s

412 741 553 811 fieri
579 746 845 834 possunt
869 769 890 823 ς
923 742 1237 811 nimirum
1265 741 1462 820 unde,
1509 742 1662 831 quid
1704 748 1770 813 et
1793 744 1993 832 qualis
2045 743 2151 815 sit.
2196 744 2432 817 Primae

417 851 747 941 quaestioni
763 849 1101 940 respondet
1119 849 1322 917 Omeo
1342 876 1359 927 ;
1391 848 1686 917 secundm
1707 848 1974 921 Num
1997 879 2017 934 ς
2047 852 2249 924 tertiae
2270 852 2436 926 Pn-

414 980 630 1030 rrzcrlo
654 979 886 1031 uuum:
926 957 1007 1028 de
1035 955 1266 1049 quibus
1297 955 1560 1026 totidem
1588 959 1969 1031 sectionibus
1993 980 2259 1055 agemus

997 1230 1385 1323 SECTIO
1460 1229 1826 1324 PRIMA⁴

1074 1483 1168 1536 1213
1199 1480 1484 1540 omem
1516 1483 1764 1540 mmm.

503 1687 568 1758 5.
632 1690 726 1759 De
774 1691 1022 1785 origine
1064 1691 1296 1761 mundi
1343 1693 1416 1761 in
1455 1694 1664 1762 varias
1702 1693 2045 1762 sententias
2095 1689 2434 1761 abiverant

414 1780 782 1892 Philosophi
806 1799 1173 1871 heterodoxi
1216 1806 1461 1872 veteres
1484 1802 1851 1892 abeuntque
1891 1801 2248 1869 etiamnum
2277 1822 2434 1870 mo-

412 1906 624 1976 derni.
658 1908 962 1978 Attamen
992 1909 1076 1978 ad
1100 1904 1419 2001 triplicem
1446 1910 1578 1980 fere
1604 1909 1871 1979 classem
1897 1928 2124 1978 omnes
2149 1906 2433 1979 revocari

410 2020 719 2104 possunt;
753 2037 994 2107 nempe
1026 2016 1111 2085 ad
1138 2020 1480 2086 Fatalistas
1506 2066 1524 2097 ,
1564 2018 1944 2085 camaliam
1985 2020 2050 2084 et
2093 2018 2432 2084 Pamheis-
2475 2039 2502 2056 ‘

408 2133 552 2200 ιαες
579 2122 659 2191 de
690 2124 921 2214 quibus
947 2126 1035 2194 ita
1064 2146 1331 2215 agemus
1357 2174 1373 2204 ,
1409 2130 1482 2193 ut
1508 2123 1812 2193 distinctis
1834 2124 2096 2193 seorsim
2126 2122 2431 2215 capitibus

409 2252 630 2300 everso
684 2230 970 2322 primum
1020 2233 1371 2311 fatalismo,
1422 2232 1604 2301 dein·
1635 2232 2010 2300 casualismo
2055 2237 2119 2298 et
2163 2229 2431 2299 demum

409 2338 854 2431 pantheismo,
891 2341 1148 2432 speciali
1172 2340 1437 2409 tandem
1467 2340 1669 2432 capite
1697 2340 1889 2408 unice
1916 2361 2138 2408 veram
2164 2337 2245 2406 de
2286 2338 2433 2408 ori-

408 2448 561 2538 gine
587 2450 815 2518 mundi
840 2450 1197 2518 doctrinam
1234 2470 1632 2541 opponamus
1656 2453 1723 2519 et
1750 2446 2101 2519 rationibus
2145 2445 2431 2572 philoso-⁸

406 2555 611 2647 phicis
636 2556 868 2626 invicte
898 2556 1312 2627 stabiliamus.

1081 2774 1362 2846 CAPUT
1397 2773 1755 2847 PRIMUM.

1174 2956 1268 3022 De
1293 2954 1632 3041 fatalismm

493 3165 563 3233 6.
607 3162 971 3233 Famem
995 3193 1028 3243 ,·
1066 3166 1141 3231 ut
1191 3170 1518 3233 auctorem
1573 3158 1805 3231 mundi
1855 3159 2142 3256 rejiciant
2159 3208 2180 3239 ‚
2235 3156 2430 3249 huj'us

408 3270 729 3363 originem
756 3273 886 3358 fato
913 3322 932 3352 ,
969 3272 1017 3341 i.
1065 3294 1129 3341 e.
1160 3271 1576 3363 insuperabili
1604 3291 1827 3339 rerum
1862 3266 2215 3338 necessitati
2238 3266 2431 3335 attri-

403 3375 643 3447 buunt.
691 3377 834 3447 Fati
863 3379 1058 3471 hujus
1077 3377 1291 3448 ideam
1316 3380 1386 3448 in
1416 3377 1893 3470 Philosophiam
1917 3376 2290 3446 Graecorum
2318 3374 2429 3442 in-

403 3481 726 3553 duxerunt
749 3483 1117 3577 Philosophi
1136 3485 1363 3566 Jonici,
1394 3490 1740 3556 asserentes
1762 3485 2193 3555 necessitatem
2220 3487 2427 3552 mate-

403 3589 521 3660 riae
547 3597 822 3672 aeterna),
866 3599 1176 3684 tanquam
1216 3595 1513 3687 principii
1552 3595 1848 3664 omnium
1868 3613 2112 3661 rerum.
2151 3588 2264 3659 'Ex
2303 3588 2429 3659 hac

407 3701 560 3770 dein
581 3704 941 3771 necessitate
971 3704 1251 3772 materiae
1279 3703 1758 3794 pantheismum
1779 3699 2155 3770 evolverunt
2179 3705 2245 3767 et
2268 3695 2427 3765 hinc

404 3809 796 3879 fatalismum
825 3811 1288 3880 confirmarunt
1308 3810 1677 3902 Philosophi
1701 3805 2173 3885 Graeco-italici,
2202 3804 2427 3896 praeci·

408 3937 536 4005 pue
567 3916 994 4011 Xenophanes
1013 3926 1078 3992 et
1107 3918 1304 3991 Zeno.
1338 3919 1433 3989 Ex
1462 3943 1538 3989 eo
1567 3919 1715 3988 dein
1737 3925 2019 4007 ternpore
2042 3915 2266 4006 quovis
2291 3914 2424 3982 fere
