2988 4832
1461 516 1464 521 ’
1508 494 1622 563 99..

568 606 868 679 sectiones
893 601 1154 678 divinas
1156 620 1187 688 3·
1218 605 1330 678 sed
1349 611 1377 688 ,⁵
1415 606 1545 699 qua
1579 598 1907 708 intellectis
1930 600 2190 701 praedita
2210 656 2229 689 ,
2276 607 2569 691 etiamad

494 776 500 781 .
568 720 692 789 hoc
711 770 732 799 ,
768 722 844 787 ut
884 717 1294 808 perfectiones
1331 704 1578 787 divinas
1617 717 1750 793 sive
1788 717 1858 786 in
1882 739 1950 785 se
1965 767 1986 797 ,
2036 717 2167 787 sive
2190 715 2276 787 -in
2318 718 2571 790 entibus

570 823 1033 894 irrationalibus
1076 824 1501 894 manifestatas
1567 829 1950 917 agnoscant,
1996 830 2217 907 ament
2240 871 2283 906 „
2311 824 2377 894 et
2418 825 2569 895 indo

570 933 882 1013 beentur,
926 952 1079 1022 ergo
1106 931 1252 1000 finis
1271 933 1598 1023 proximus
1619 932 1900 1001 hominis
1923 935 2031 1003 est,
2055 927 2375 1000 beatitudo
2403 930 2570 1003 obti-

568 1039 783 1111 nenda
807 1060 923 1132 per
959 1039 1235 1108 liberum
1274 1038 1665 1130 obsequium,
1692 1039 2030 1131 agnitionis
2054 1045 2116 1107 et
2138 1038 2370 1108 amoris
2400 1035 2564 1108 Dei:

570 1148 714 1215 finis
756 1151 972 1221 autem
1017 1146 1280 1217 ultimus
1316 1148 1646 1219 creationis
1678 1153 1774 1217 est
1800 1146 2002 1240 gloria
2041 1145 2161 1229 Dei
2194 1146 2561 1216 extrinseca.

570 1252 757 1337 Quod
790 1261 845 1325 si
885 1254 1081 1323 homo
1120 1253 1442 1347 peccando
1483 1256 1697 1335 nolit,
1728 1255 1858 1345 qua
1878 1276 1995 1324 ens
2012 1254 2337 1332 rationale,
2367 1254 2567 1323 finem

569 1386 747 1432 suum
761 1365 1122 1453 proximum
1149 1364 1330 1432 libere
1351 1364 1619 1455 implere
1645 1413 1663 1442 ,
1695 1363 1984 1455 implebit
2010 1414 2028 1440 ‚
2062 1362 2213 1453 quia
2235 1359 2409 1432 Deus
2432 1363 2563 1431 fine

568 1492 687 1541 suo
710 1470 996 1552 frustrari
1020 1471 1281 1563 nequit,
1328 1473 1659 1539 necessario
1687 1473 1870 1559 finem
1902 1470 2192 1538 ultimum
2213 1468 2561 1549 creationis,

458 1571 462 1575 ’
572 1579 1035 1648 manifestando
1079 1579 1270 1671 poent‘i
1309 1579 1423 1649 suz‘i
1454 1579 1761 1669 justitiam
1791 1631 1809 1656 ,
1853 1578 2247 1659 sanctitatem
2265 1582 2388 1647 etc.
2417 1575 2557 1658 Dei,

451 1698 465 1773 j
572 1685 699 1786 Sed
723 1686 950 1755 dehoc
984 1686 1306 1776 speciatim
1328 1688 1397 1754 in
1421 1686 1863 1777 Psychologia.

1380 1901 1662 1975 CAPUT
1703 1900 1789 1974 11.

1018 2155 1022 2158 ,
1064 2085 1158 2154 De
1176 2086 1537 2178 perfectione
1558 2085 1828 2161 relativa
1845 2085 2063 2163 mundi

655 2294 768 2363 42.
815 2286 1116 2378 Perfectio
1137 2286 1540 2379 dijudicanda
1566 2292 1661 2357 est
1683 2309 1764 2355 ex
1783 2289 1906 2378 fine
1932 2290 1997 2356 et
2018 2308 2098 2352 ex
2123 2282 2299 2352 modo
2320 2286 2566 2352 tenden-

573 2406 643 2472 di
684 2404 769 2472 ad
793 2405 1030 2492 finem,·‚
1055 2396 1202 2467 finis
1250 2402 1465 2467 autem
1490 2448 1510 2475 ,
1545 2402 1619 2465 ut
1648 2400 1820 2488 patet
1841 2448 1860 2475 ,
1893 2418 2020 2463 non
2065 2395 2373 2484 operantis
2397 2448 2413 2473 ,
2463 2392 2573 2462 sed

569 2512 768 2604 operis
787 2509 977 2579 efficit
997 2508 1414 2598 perfectionem
1437 2506 1568 2580 rei,
1595 2508 1661 2571 et
1687 2502 1948 2593 quidem
1969 2503 2327 2579 absolutam,
2354 2503 2409 2572 si
2432 2503 2578 2572 finis

573 2625 641 2689 et
669 2617 898 2688 modus
929 2616 1010 2683 ad
1033 2636 1187 2682 eum
1212 2611 1555 2691 tendendi,
1589 2613 1913 2694 relativam
1953 2631 2107 2679 vero
2131 2660 2152 2692 ,
2181 2610 2397 2679 sinon
2424 2606 2573 2679 finis

572 2726 685 2797 sed
710 2724 938 2795 modus
965 2720 1049 2793 ad
1068 2743 1221 2797 eum
1247 2718 1551 2792 tendendi
1578 2720 1658 2789 sit
1683 2717 1982 2813 optimus.
2041 2716 2287 2800 Quibus
2319 2739 2576 2812 praeno-

580 2833 720 2902 tatis
748 2832 826 2901 sit

667 2975 777 3049 43.
823 2973 1069 3046 PROP.
1104 2973 1156 3045 1.
1186 2973 1443 3046 Munnus
1475 2993 1578 3044 mc
1612 2991 1833 3055 neom-r
1857 2991 1981 3044 mci
2010 2990 2268 3043 omnus
2289 2989 2580 3041 sno-rnn-

580 3106 958 3175 rncnssnms
979 3104 1389 3157 rmzcrtoun
1421 3105 1734 3161 irsoum

670 3229 1302 3303 Prob.1⁶Positive.
1349 3227 1526 3299 Tum
1552 3227 1837 3298 mundus
1852 3228 1976 3296 iste
2001 3230 2160 3296 esset
2196 3224 2580 3319 perfectissi-

580 3359 727 3407 mus
765 3337 1145 3430 perfectione
1175 3321 1499 3416 absoluta,
1533 3337 1588 3406 si
1609 3336 1853 3406 divinas
1881 3334 2298 3426 perfectiones
2322 3353 2400 3403 eo
2421 3355 2585 3426 gra-

580 3443 671 3515 du
711 3443 1168 3524 manifestaret,
1189 3451 1271 3514 ut
1312 3465 1405 3513 eae
1438 3444 1643 3535 magis
1684 3442 2079 3512 manifestari
2108 3463 2242 3513 non
2273 3446 2580 3536 possent·

582 3550 757 3643 atqui
787 3550 1070 3627 mundus
1099 3572 1206 3654 eas
1235 3550 1321 3660 in
1346 3550 1458 3622 tali
1488 3549 1696 3644 gradu
1723 3548 2123 3623 manifestare
2152 3571 2290 3623 non
2322 3555 2577 3644 potest;

583 3678 759 3751 ergo.

667 3786 861 3862 Proh.
898 3788 1068 3865 Min.
1094 3784 1505 3859 Manifestatio
1540 3787 1902 3858 dlvinarum
1930 3786 2390 3882 perfectionum
2415 3808 2574 3879 sup-

584 3895 804 3985 ponit:
839 3895 932 3980 1),
958 3895 1196 3987 aliquid
1218 3947 1234 3973 ,
1267 3896 1438 3987 quod
1470 3895 1944 3973 manifesteturz
1980 3895 2061 3985 2)
2089 3895 2327 3985 aliquid
2352 3946 2368 3972 ,
2403 3893 2576 3986 quod
