2988 4832
1384 533 1395 538 -
1547 463 1694 542 336

489 643 498 648 „
601 593 971 687 cognoscit,
1008 605 1167 682 ergo
1212 583 1570 659 necessario
1608 582 1930 679 cognoscit
1957 565 2161 653 etiam
2179 575 2400 650 omnia
2427 560 2630 671 possi.

609 701 758 770 bilia
789 699 934 792 (1).·

668 925 737 997 (1)
768 927 922 979 Unica
942 929 1063 991 rere,
1078 941 1187 991 quae
1208 926 1292 979 hic
1306 925 1620 989 remoretur,
1647 922 1910 976 difficultas
1937 919 2046 974 haec
2075 914 2192 973 estJ
2211 920 2344 971 Deus
2381 913 2627 983 possimis

606 1012 894 1063 cognoscere
912 1001 1101 1061 nequit,
1122 1000 1245 1062 quin
1258 1002 1520 1062 cognoscat
1536 997 1785 1060 possibilia
1803 1008 2012 1045 numero
2034 994 2114 1042 vel
2139 991 2337 1041 infinita
2357 991 2440 1039 vel
2467 988 2625 1039 finita:

606 1071 693 1120 sed
713 1082 815 1119 nou
834 1072 991 1131 potest
1017 1067 1307 1132 cognoscere
1344 1070 1607 1132 possibilia.
1626 1080 1838 1117 numero
1870 1064 2086 1124 infinita,
2120 1062 2368 1125 siquidem
2389 1069 2629 1110 numerus

608 1138 832 1190 infinitus
851 1153 914 1190 ex
931 1139 1037 1203 ipsa
1056 1139 1169 1189 idea
1200 1142 1280 1190 sui
1300 1133 1546 1205 repugnat
1567 1153 1585 1190 t
1605 1152 1768 1201 neque
1797 1137 1950 1187 etiam
1975 1146 2267 1198 cognoscere
2289 1135 2450 1195 potest
2475 1129 2625 1193 possi-

605 1208 729 1262 bilia
741 1223 950 1260 numero
979 1211 1120 1260 finita
1131 1224 1152 1277 ,⁶
1186 1217 1305 1273 qma
1336 1225 1474 1261 secus
1489 1214 1542 1261 et
1561 1209 1764 1259 scientia
1783 1206 1878 1257 Dei
1896 1206 2039 1256 finita
2069 1204 2209 1268 foret,
2236 1216 2357 1251 cum
2378 1202 2624 1261 objectum

606 1277 758 1343 ipsius
778 1284 901 1332 esset
918 1282 1145 1344 finitum,
1183 1285 1235 1333 et
1254 1282 1612 1344 omnipotentia
1634 1279 2012 1342 restringeretur
2043 1276 2106 1325 ad
2137 1274 2336 1324 finitum
2364 1274 2508 1321 illum
2533 1286 2620 1320 nu·

599 1361 805 1405 merum
822 1353 1125 1415 possibilium
1138 1385 1158 1417 ,
1193 1354 1374 1416 quibus
1398 1368 1462 1403 ex
1479 1351 1739 1417 hypothesi
1759 1350 1934 1400 creatis
1951 1384 1966 1407 ‚
2000 1346 2128 1397 nihil
2148 1345 2378 1406 amplius,
2404 1344 2455 1390 in
2493 1343 2622 1403 quod

606 1437 711 1476 sese
725 1427 995 1488 exerceret,
1029 1428 1336 1488 superesset3
1359 1439 1500 1489 ergo,
1530 1426 1781 1490 inferunt,
1819 1436 1923 1473 non
1944 1417 2302 1471 videtui-'Deus
2333 1426 2622 1478 cognoscere

607 1495 778 1546 omnia
796 1497 1062 1559 possibilia.
1090 1498 1179 1547 Ast
1197 1497 1552 1559 respondemus
1576 1508 1592 1545 ε

668 1579 722 1627 1⁰
741 1576 862 1639 Etsi,
883 1577 1121 1643 quomodo
1140 1577 1277 1627 Deus
1296 1579 1347 1627 et
1368 1578 1487 1643 quot
1504 1587 1708 1627 numero
1745 1575 1994 1640 possibilia
2025 1573 2316 1636 cognoscat,
2346 1570 2625 1619 nuliatenus

606 1647 1023 1713 intelligeremus,
1058 1652 1316 1710 propterea
1334 1648 1563 1709 neganda
1583 1663 1686 1698 non
1703 1652 1828 1698 esset
1850 1645 2062 1710 cognitio
2085 1642 2393 1706 possibilium
2413 1640 2468 1689 in
2501 1640 2623 1699 Deo,

601 1724 777 1783 'utpote
812 1733 921 1783 quae
942 1720 1195 1769 evidenter
1231 1731 1295 1770 ex
1330 1719 1436 1779 ipsa
1476 1718 1583 1780 ejus
1617 1720 1800 1770 natura
1843 1719 2069 1778 cruitur;
2104 1714 2238 1763 unde
2266 1712 2336 1761 sic
2355 1712 2518 1761 dicere
2542 1710 2625 1758 de-

609 1790 836 1843 heremus
860 1793 971 1843 test
997 1790 1055 1840 in
1084 1789 1188 1841 Deo
1208 1789 1421 1854 cognitio
1442 1791 1746 1853 possibilium
1763 1823 1786 1854 ,
1825 1790 1911 1842 sed
1931 1783 2171 1855 quomodo
2201 1782 2287 1845 sit,
2321 1783 2624 1846 ignoramus.

664 1944 724 1993 2⁰
752 1941 948 2007 Duplici
970 1941 1161 1993 ratione
1177 1941 1369 1994 directe
1388 1941 1515 1994 varii
1531 1942 1594 1993 ad
1612 1943 1743 1993 hanc
1764 1940 2105 1991 difficultatem
2125 1937 2442 2002 respondent.
2502 1936 2625 1988 Nam

668 2034 722 2100 a)
745 2035 844 2087 Alii
863 2035 1130 2087 admittunt
1149 2034 1350 2101 infinita
1370 2049 1474 2086 esse
1489 2036 1756 2098 possibilia,
1777 2034 1864 2085 sed
1890 2037 2076 2097 negant
2094 2033 2180 2085 hic
2202 2045 2473 2083 numerum
2502 2044 2624 2091 esse,

605 2108 887 2170 ,insistentes
910 2108 1163 2158 sententioe
1190 2108 1243 2159 S.
1276 2107 1541 2170 Augustini
1575 2107 1781 2157 dicentis
1800 2141 1817 2168 ,
1849 2105 2160 2156 infinitorum
2181 2107 2378 2155 nullum
2399 2118 2502 2154 esse
2532 2118 2626 2152 nu-

625 2190 842 2229 merum.
874 2177 979 2227 Hoc
1000 2181 1167 2228 autem
1179 2179 1261 2228 vel
1278 2177 1349 2227 ita
1368 2178 1579 2241 intelligi
1598 2181 1774 2240 potest,
1796 2178 1929 2239 quod
1950 2177 2203 2227 infinitum
2231 2176 2296 2226 sit
2311 2177 2382 2237 id',
2403 2175 2484 2224 cui
2503 2174 2649 2226 nihii'

610 2250 744 2312 addi,
779 2249 909 2299 nihil
925 2249 1055 2299 demi
1076 2250 1247 2313 potest,
1278 2262 1514 2298 numerus
1539 2262 1658 2298 vero
1681 2253 1852 2297 contra
1871 2248 1977 2309 eJ'us
1999 2249 2064 2297 sit
2084 2250 2274 2297 natura>
2286 2284 2302 2311 ,
2349 2249 2408 2302 ut
2427 2259 2627 2308 semper

609 2319 674 2369 sit
698 2320 950 2383 augmenti
968 2332 1157 2383 capax;
1182 2332 1323 2383 ergo,
1352 2320 1442 2369 ubi
1461 2320 1561 2369 siut
1597 2320 1792 2369 infinita
1811 2354 1828 2381 ,
1871 2319 1941 2368 ibi
1961 2319 2157 2369 nullum
2193 2331 2299 2367 esse
2335 2329 2624 2369 numerum.

603 2388 705 2441 Vel
723 2391 846 2441 torte
865 2391 1016 2441 etiam
1036 2391 1106 2440 sic
1122 2390 1317 2454 concipi
1337 2394 1516 2454 posset.
1537 2391 1788 2442 Numerus
1822 2390 2020 2453 proprie
2047 2392 2120 2441 est
2138 2392 2335 2441 tantum
2371 2388 2427 2440 in
2446 2385 2541 2439 sim
2550 2388 2626 2438 ili·

609 2462 703 2514 bus
736 2462 934 2514 realiter
966 2463 1204 2528 distinctis
1228 2466 1280 2512 et
1308 2464 1401 2512 sub
1435 2466 1661 2526 respectu
1680 2462 2015 2512 similitudinis
2038 2476 2053 2512 ε
2079 2463 2148 2511 sic
2177 2475 2280 2511 una
2299 2461 2451 2511 arbor
2467 2497 2486 2527 ,
2527 2475 2626 2511 una
2654 2506 2669 2525 ,

599 2536 803 2598 domus,
824 2547 954 2583 unus
970 2535 1121 2583 homo
1142 2568 1159 2596 ,
1182 2547 1286 2584 non
1312 2534 1514 2595 pariunt
1532 2546 1801 2583 numerum
1824 2534 2078 2595 arborum,
2098 2548 2192 2584 nec
2212 2534 2476 2585 domorum
2489 2572 2504 2599 ,
2539 2547 2628 2583 nec

499 2657 514 2671 ,
607 2605 888 2669 hominum,
923 2607 1059 2667 quia,
1079 2606 1172 2654 etsi
1192 2607 1369 2655 mutuo
1404 2603 1805 2666 distinguantur,
1841 2605 1933 2652 sub
1954 2606 2095 2654 nullo
2116 2608 2288 2655 tamen
2312 2607 2497 2657 horum
2525 2618 2626 2655 res·

611 2677 843 2741 pectuum
861 2676 953 2724 sibi
967 2676 1149 2725 similes
1164 2676 1280 2724 sunt
1299 2687 1315 2724 ε
1338 2673 1540 2736 pariunt
1558 2689 1675 2724 vero
1696 2689 1965 2724 numerum
1987 2677 2372 2728 substantiarum
2386 2711 2407 2740 ‚
2440 2676 2559 2741 quia
2578 2677 2627 2729 in

611 2747 731 2798 nota
752 2746 1031 2795 substantiae
1051 2745 1144 2795 sibi
1164 2744 1484 2795 conveniunt.
1508 2745 1621 2795 Jam
1639 2760 1757 2796 vero
1783 2747 2048 2810 possibilia,
2073 2751 2315 2810 quatenus
2338 2763 2369 2798 a
2391 2749 2494 2799 Deo
2519 2763 2627 2810 cog-

611 2817 735 2878 nita,
759 2817 983 2880 inprimis
1016 2830 1119 2867 non
1149 2819 1266 2866 sunt
1284 2817 1485 2867 realiter
1505 2815 1755 2880 distincta,
1804 2831 1920 2868 cum
1939 2819 2140 2868 realiter
2171 2823 2389 2883 spectata
2408 2822 2509 2870 siut
2532 2822 2626 2883 ipsa

610 2889 819 2940 essentia
838 2887 1006 2938 divina
1025 2890 1082 2938 ut
1099 2888 1349 2938 imitabilis
1371 2888 1435 2938 ad
1454 2891 1624 2952 extu-213
1655 2904 1772 2953 ergo
1797 2904 1957 2952 neque
1981 2889 2207 2940 efficiunt
2225 2905 2492 2942 numerum
2518 2907 2628 2942 rea-

601 2961 732 3013 iem.
750 2960 879 3012 Dein
897 2961 1147 3031 possibilia
1176 2962 1257 3010 vel
1276 2962 1559 3022 spectantur
1576 2965 1636 3011 ut
1656 2956 1868 3024 perfecte
1886 2961 2087 3024 similia,
2110 2964 2307 3024 ettam,
2332 2967 2498 3026 utpote
2521 2977 2628 3024 quae

603 3031 821 3101 'eandem
842 3034 1032 3083 habent
1049 3031 1538 3096 cognoscibilitatem,
1571 3046 1635 3082 ne
1661 3034 1919 3082 formalem
1936 3032 2137 3095 quidem
2156 3047 2245 3083 seu
2262 3048 2400 3084 mere
2418 3035 2629 3096 logicum

601 3114 880 3154 munierum
900 3104 1093 3154 efficere
1112 3107 1346 3168 possunt;
1366 3105 1447 3153 vel
1471 3107 1753 3165 spectantur
1769 3106 1826 3153 ut
1846 3104 1977 3153 notis
1997 3104 2232 3165 specificis
2252 3105 2333 3153 vel
2351 3104 2630 3155 individua·

610 3173 742 3225 libus
762 3174 893 3224 inter
916 3189 969 3225 se
988 3175 1235 3238 distincta,
1264 3178 1315 3225 et
1338 3177 1467 3236 turn,
1484 3179 1544 3225 ut
1559 3176 1629 3224 sic
1647 3174 1917 3224 distinctim
1934 3178 2185 3236 concepta,
2217 3176 2344 3225 nihil
2365 3188 2631 3225 commune

611 3244 816 3308 habent,
837 3258 926 3307 per
946 3247 1079 3308 quod
1102 3245 1157 3295 in
1176 3259 1335 3296 unum
1357 3258 1629 3295 numerum
1650 3246 1940 3307 coalescant,
1962 3260 2063 3294 non
2088 3246 2264 3308 magis,
2286 3258 2439 3307 quam
2464 3246 2625 3308 arbor,

600 3313 809 3378 domus,
831 3318 999 3369 homo.
1023 3317 1077 3367 Si
1098 3330 1216 3367 vero
1238 3317 1332 3366 suh
1345 3320 1573 3380 respectu
1604 3317 1859 3367 communi
1878 3316 1956 3365 sui
1974 3331 2078 3367 esse
2098 3318 2180 3366 vel
2194 3317 2394 3367 realiter
2407 3321 2629 3380 specten-

603 3390 718 3450 tur,
747 3390 865 3437 sunt
886 3402 1047 3438 unum
1079 3401 1184 3439 esse
1216 3389 1397 3438 divinae
1420 3388 1643 3439 essentias
1679 3392 1738 3438 ut
1776 3388 2030 3438 imitabilis
2055 3390 2118 3439 ad
2158 3393 2299 3440 extra
2323 3403 2341 3452 ;
2377 3402 2496 3452 ergo
2528 3400 2629 3438 non

607 3457 792 3523 ,ρῑιιιάς
821 3473 941 3522 ergo
959 3472 1052 3509 nec
1069 3473 1325 3511 numerus.
1348 3459 1477 3524 Ergo
1507 3459 1756 3523 possibilia
1771 3495 1788 3519 ,
1830 3463 2073 3521 quatenus
2106 3460 2298 3522 objecta
2316 3463 2432 3510 sunt
2451 3460 2629 3511 divium

603 3529 925 3593 cognitionis,
942 3545 1031 3581 seu
1048 3531 1171 3582 ideoe
1188 3535 1459 3595 prototypae
1483 3544 1660 3582 rerum
1679 3530 1988 3598 creabilium,
2014 3532 2211 3582 nullum
2231 3545 2500 3585 numerum
2521 3533 2628 3583 essi-

606 3613 730 3652 ›cere
749 3604 968 3661 possunt.
990 3600 1183 3652 Verum

606 3712 621 3722 ·
678 3690 729 3759 ὁ)
750 3693 849 3742 Alii
866 3697 1164 3745 assumentes
1194 3695 1441 3758 duplicem
1474 3695 1620 3746 illum
1640 3699 1934 3763 respectum,
1958 3699 2051 3750 sub
2081 3712 2182 3764 quo
2204 3699 2455 3763 possibilia
2474 3699 2631 3750 consi-

618 3763 783 3813 derari
798 3770 1013 3827 possunt,
1034 3767 1114 3814 vel
1133 3770 1280 3828 prout
1299 3767 1435 3817 inter
1450 3779 1504 3816 se
1523 3772 1808 3830 comparata
1823 3784 1914 3831 per
1932 3775 2074 3821 notas
2092 3772 2338 3833 specificas
2357 3770 2631 3822 individua·

618 3836 691 3888 les
716 3834 767 3884 in
788 3836 878 3886 sua
902 3837 1275 3901 cognoscibilate
1295 3838 1687 3901 distinguuntur,
1707 3841 1788 3890 vel
1808 3844 1956 3904 prout
1974 3840 2320 3892 individuatim
2337 3845 2535 3906 sumpta
2550 3843 2626 3890 in·

622 3907 826 3959 cludunt
847 3909 897 3957 in
914 3920 983 3972 se,
1005 3911 1063 3960 nt
1081 3909 1135 3959 in
1157 3909 1469 3962 indefinitum
1486 3911 1643 3962 creari
1665 3911 1866 3979 possint,
1893 3912 2015 3981 quin
2029 3926 2250 3982 unquam
2271 3916 2434 3968 tantus
2456 3914 2628 3965 existat
