2988 4832
1569 502 1658 574 56

590 643 766 714 enim
804 644 972 712 infra
1004 642 1361 711 videbimus
1396 640 1467 710 in
1517 635 1875 709 Theodicea
1895 687 1915 717 ,
1967 633 2049 707 ad
2081 636 2467 707 creationem
2497 660 2600 708 re-

588 751 860 841 quiritur
892 750 1172 842 potentia
1208 750 1482 818 infinita.
1517 749 1914 836 Principium
1941 751 2158 815 autem
2178 747 2512 815 creationis
2541 754 2602 816 ct

586 858 742 926 hinc
781 863 1086 926 creaturae
1129 857 1477 944 mqativum
1513 876 1625 922 seu
1664 854 2058 922 limitationis
2072 858 2182 923 est
2223 851 2297 922 in
2324 855 2606 925 necessi·

587 969 711 1034 tate
752 963 1102 1033 finitudinis
1137 950 1348 1032 omnis
1388 962 1484 1032 rei
1530 962 1840 1032 creabilis.
1894 961 2069 1053 Ergo
2114 960 2289 1032 Deus
2325 964 2602 1034 creando

586 1071 904 1141 infinitam
939 1072 1133 1141 exerit
1162 1070 1550 1161 potentiam,
1601 1071 1715 1139 etsi
1745 1091 1850 1138 res
1880 1076 2106 1140 creatae
2138 1072 2266 1141 sint
2290 1072 2596 1141 limitatae.

586 1177 773 1248 Unde
800 1185 970 1273 patet
996 1201 1373 1315 responsum
1391 1178 1472 1248 ad
1499 1177 1938 1247 difficultatem
1956 1177 2460 1251 Vedcnticorum
2480 1182 2591 1274 (1).

656 1330 843 1403 ·.OBJ
885 1333 954 1402 2⁶
993 1331 1238 1403 Creatio
1270 1336 1406 1402 non
1400 1322 1633 1424 potest
1661 1332 1950 1424 concipi3
1959 1355 2138 1427 ergo
2171 1335 2316 1405 est
2293 1336 2600 1428 1mpossi-

586 1438 754 1511 bilis.

671 1598 752 1670 R.
796 1602 860 1670 1⁰
897 1604 981 1669 D.
1027 1603 1177 1670 Ant.
1211 1600 1360 1671 Non
1387 1607 1591 1693 potest
1615 1603 1866 1693 concipi
1894 1603 2157 1678 creatio,
2197 1602 2245 1670 i.
2274 1622 2336 1670 e.
2370 1602 2616 1673 modus

584 1708 789 1834 ipsius
802 1708 1104 1787 intimus
1145 1733 1275 1800 quo
1301 1712 1666 1802 peragitur,
1722 1713 1795 1780 C.
1828 1713 1981 1780 Ant.
2016 1711 2076 1778 N
2078 1732 2163 1780 on
2197 1713 2398 1802 potest
2429 1728 2620 1781 con-'

584 1818 708 1909 cipi
730 1818 869 1909 ejus
900 1817 1269 1910 possibilitas
1307 1824 1499 1909 atque
1525 1818 1684 1888 adeo
1718 1820 2070 1896 existentia,
2115 1821 2203 1890 N.
2238 1823 2394 1894 Ant.
2427 1819 2598 1892 Nam

567 1923 936 2016 concipitur
963 1947 1078 1994 ens
1116 1927 1501 2015 οοηιίηρεηε,
1531 1927 1821 1993 mutabile
1849 1930 1911 1994 et
1938 1929 2225 2015 finitum‚·
2258 1950 2413 2021 ergo
2445 1948 2598 1998 con-

583 2032 811 2124 cipitur
843 2054 957 2101 cns
976 2084 996 2112 ,
1029 2031 1202 2124 quod
1240 2053 1376 2101 non
1404 2032 1484 2100 sit
1510 2057 1553 2099 a
1580 2056 1673 2111 se,
1719 2053 1843 2102 nec
1871 2055 2123 2125 semper
2168 2037 2430 2106 existere
2468 2058 2598 2128 po·-

582 2139 810 2220 tucrit;
843 2161 996 2231 ergo
1014 2139 1294 2231 legitime
1327 2138 1732 2208 concluditur
1759 2138 2043 2230 adeoque
2073 2144 2446 2233 concipitur,
2478 2166 2596 2212 ens

470 2320 475 2325 .
579 2245 742 2315 illud
760 2267 838 2313 ex
866 2248 1331 2328 non-existente
1351 2242 1593 2315 factum
1611 2260 1746 2315 csse
1770 2247 2038 2319 existens
2053 2299 2072 2329 ,
2102 2248 2384 2340 adeoque
2407 2248 2595 2319 fuisse

581 2358 890 2424 creatum.
931 2352 1251 2425 Caetcrum

664 2499 751 2569 R.
808 2500 876 2568 2⁰
923 2501 1202 2568 Concessa
1248 2506 1434 2570 etiam
1469 2504 1623 2572 Ant.
1672 2507 1763 2575 N.
1805 2508 1987 2575 Cous.
2039 2493 2209 2577 Nam
2248 2509 2545 2602 inprimis
2570 2566 2586 2591 ,

581 2608 722 2698 quis
763 2628 1055 2697 unquam
1089 2609 1176 2676 ita
1218 2611 1700 2680 ratiocinaretur
1733 2638 1753 2680 ε
1796 2615 1940 2682 Non
1967 2618 2306 2705 concipitur
2338 2622 2594 2685 evolutio
2653 2682 2658 2686 .

578 2727 638 2781 et
679 2715 1110 2783 incrementum
1156 2720 1355 2805 ‘yram‘
1398 2721 1472 2785 in
1490 2722 1743 2809 ‘spicam
1757 2746 1785 2801 ,-
1825 2745 1967 2811 erqo
2008 2734 2095 2790 cst
2140 2724 2530 2814 impossibilis
2559 2730 2592 2793 ἰ)

579 2821 780 2912 Atqui
802 2825 1020 2891 tamen
1050 2846 1231 2914 aeque
1255 2846 1488 2914 parum
1518 2829 1911 2920 concipimus
1942 2830 2243 2899 intimum
2275 2834 2543 2901 modum
2564 2885 2584 2913 ,

577 2951 710 3018 quo
736 2930 808 2997 in
841 2952 1045 3021 grano
1081 2955 1351 3023 germen
1366 2985 1369 2990 .
1384 2934 1576 3002 totius
1610 2935 1801 3027 spicae
1827 2938 2225 3007 contineatur
2251 2944 2316 3007 et
2342 2939 2490 3010 dein
2517 2942 2591 3010 in

575 3036 821 3125 spicam
863 3038 1189 3108 evolvatur
1225 3045 1290 3108 et
1322 3048 1712 3122 succrescat,
1762 3064 1959 3135 quam
1994 3046 2391 3136 concipimus
2440 3069 2592 3118 mo-

575 3142 740 3211 dum
764 3145 1068 3214 intimum
1102 3147 1456 3218 creationis.
1469 3149 1601 3219 Ast
1628 3170 1707 3220 ex
1737 3173 1852 3231 eo,
1890 3152 2064 3241 quod
2093 3169 2172 3222 ex
2204 3156 2495 3245 projectis
2516 3158 2590 3228 in

576 3256 817 3319 terram
866 3254 1081 3343 granis
1134 3254 1422 3325 videmus
1465 3258 1666 3347 spicas
1722 3280 2079 3350 exurgeime
2143 3262 2605 3335 concludimus

575 3360 860 3452 adeoque
904 3361 1116 3451 aliqua
1141 3361 1413 3433 ratione
1427 3366 1821 3458 concipimus
1845 3365 2315 3455 possibilitatem
2338 3374 2402 3438 et
2424 3372 2589 3442 exis-

577 3466 842 3536 tentiam
895 3467 1089 3559 hujus
1131 3469 1504 3541 evolutionis
1549 3478 1611 3541 et
1667 3474 2093 3556 incrementi;
2158 3497 2314 3566 ergo
2353 3498 2395 3547 a
2449 3479 2590 3571 pari

575 3576 770 3643 etiam
805 3577 1137 3645 creationis
1170 3578 1643 3667 possibilitatem
1681 3587 1744 3650 et
1776 3581 2168 3652 existentiam
2209 3585 2426 3677 aliqua
2469 3609 2590 3656 ra·-

570 3685 749 3751 tione
787 3683 1181 3777 concipimus
1209 3707 1287 3756 ex
1324 3708 1404 3759 eo
1418 3739 1437 3769 ,
1471 3686 1646 3780 quod
1697 3688 2156 3783 intelligamus,
2192 3713 2308 3764 ens
2329 3694 2586 3786 aliquod

643 3921 710 3988 (1)
743 3922 868 3976 Vide
890 3925 1051 3992 supra,
1075 3932 1280 3991 pagata.
