2988 4832
349 679 476 741 neo
517 675 591 740 in
641 668 848 743 minuo
876 669 1096 743 Bonum
1111 659 1174 754 ’θ’
1190 671 1343 770 'quia
1383 669 1695 765 quidquid
1750 670 1977 754 habet;
2020 675 2366 746 necessario

348 784 415 846 et
469 775 539 848 vi
591 781 876 851 essentiae
913 779 1110 853 habet
1145 773 1202 862 ξε
1234 779 1520 873 adeoque
1578 779 1868 851 amittere
1913 780 2076 853 nihil
2126 781 2326 875 potest
2343 834 2365 863 ,

352 881 511 978 quin
540 885 733 958 simul
775 889 1024 961 amittat
1067 889 1411 962 essentiam
1447 914 1466 958 ε
1514 907 1728 983 neque
1775 890 1850 957 i'n
1899 892 2164 980 ‹equa103
2215 909 2369 958 nam

350 992 491 1064 haee
564 995 830 1066 mutatio
881 995 1062 1067 fieret
1124 1013 1244 1091 per
1321 993 1744 1066 mutationem
1791 995 1898 1065 vel
1945 998 2370 1066 essentialium

349 1095 457 1169 vel
502 1101 846 1172 modorum
874 1126 893 1174 ε
921 1125 1057 1173 non
1080 1104 1424 1175 modorum
1449 1153 1467 1183 ‚
1525 1102 1676 1194 quia
1722 1102 1813 1171 sie
1847 1123 1983 1171 non
2013 1108 2370 1172 mutaretur

346 1207 420 1277 in
450 1231 566 1279 ens
597 1212 840 1302 aequale
861 1263 879 1293 ‚
915 1212 1027 1283 sed
1071 1213 1284 1283 solum
1317 1211 1790 1283 modificaretur
1811 1261 1829 1291 ‚
1881 1218 1946 1280 et
1981 1212 2087 1281 vel
2134 1212 2289 1282 meli
2297 1228 2372 1280 or

349 1316 458 1387 vel
484 1321 662 1411 pejor
702 1320 918 1390 fieret:
948 1344 1085 1391 non
1108 1321 1538 1391 essentialium
1567 1347 1589 1399 3·
1615 1320 1765 1409 quia
1791 1319 1883 1387 sie
1912 1324 2082 1387 totus
2108 1319 2364 1411 periret,

344 1425 629 1520 adeoque
652 1429 967 1500 amitteret
992 1434 1202 1502 totum
1227 1449 1422 1500 suum
1445 1449 1580 1497 esse
1598 1477 1621 1508 ‚
1670 1424 1846 1519 quod
1884 1432 2210 1520 repugnat
2228 1429 2374 1513 enti

345 1534 747 1620 necessari03
789 1558 1059 1630 ergom.
2372 1573 2373 1576 ¹

433 1683 536 1756 Ex
578 1686 762 1758 dietis
806 1690 1147 1781 sequiturzt

438 1854 508 1926 1⁶
542 1852 627 1923 In
647 1854 777 1922 Deo
814 1874 940 1920 non
967 1874 1087 1921 esse
1108 1850 1316 1921 modos
1343 1852 1706 1945 simpliciter
1732 1873 1847 1925 seu
1878 1853 2062 1925 notas
2085 1849 2370 1923 variabi-

343 1961 436 2032 les
458 1970 482 2042 ‚'
516 1982 661 2051 quae
680 1959 884 2029 inesse
913 1961 1261 2030 successive
1289 1966 1354 2060 et
1379 1961 1596 2030 abesse
1632 1962 1716 2031 ab
1741 1967 1889 2031 ente
1919 1962 2182 2053 possint,
2218 1964 2368 2028 ente

344 2074 648 2139 manente
681 2068 938 2150 eodem;
967 2069 1061 2137 uti
1101 2067 1175 2136 in
1195 2067 1406 2159 lapide
1429 2069 1572 2137 talis
1594 2070 1800 2161 figura
1824 2069 1931 2138 vel
1958 2067 2362 2161 magnitudo,

350 2177 423 2245 in
461 2174 728 2245 homine
758 2175 1049 2246 doctrina
1084 2180 1218 2259 etc&

431 2332 500 2400 2⁰
550 2333 769 2402 Medos
822 2331 1171 2423 analoyicos
1196 2384 1214 2412 ,
1265 2356 1377 2403 seu
1418 2334 1532 2426 qui
1571 2333 1654 2402 ad
1683 2333 1881 2401 instar
1922 2331 2367 2406 attributorum

338 2441 651 2509 rationem
663 2440 901 2509 sufficie
912 2446 1092 2511 ntem
1111 2442 1452 2512 existentiae
1464 2465 1596 2511 suae
1608 2440 1931 2509 habentin
1948 2440 2240 2521 essentia,
2259 2440 2364 2508 sed

338 2546 423 2616 ad
445 2546 644 2618 instar
661 2547 817 2618 mod
828 2570 1017 2618 orum
1042 2552 1196 2618 sunt
1229 2548 1564 2618 variabiles
1590 2600 1607 2627 ,
1644 2548 1739 2616 uti
1760 2562 1826 2617 v.
1853 2570 1921 2639 g.
1945 2543 2161 2616 liberae
2204 2546 2367 2615 voli-

337 2650 569 2736 tiones„
595 2658 918 2724 entitative
938 2658 1225 2747 sumptos
1246 2657 1317 2724 in
1339 2653 1475 2725 Deo
1503 2679 1634 2725 esse
1679 2655 1962 2724 absolute
1986 2655 2389 2745 necessarios⁸

341 2785 426 2832 ac
452 2763 719 2857 proinde
738 2763 1197 2844 immutabiles,
1228 2767 1614 2831 terminativae
1637 2784 1790 2830 vero
1813 2785 1944 2830 esse
1966 2748 2377 2854 hypothetice

336 2872 724 2943 necessarios
756 2892 831 2939 ac
871 2871 1061 2961 proin
1099 2872 1566 2960 contingentes.
1613 2868 1832 2958 Itaque
1865 2868 2085 2937 liberae
2108 2868 2366 2936 volitio-

336 2995 489 3056 ne5,
514 2981 828 3067 quatenus
856 2981 1010 3044 sunt
1048 2988 1220 3044 actus
1256 2978 1414 3043 entis
1441 2976 1841 3062 intelliqentis
1861 3024 1882 3053 ,
1915 2974 2206 3042 afficiunt
2234 2980 2362 3041 sta-

334 3089 484 3153 tum
508 3085 670 3155 entis
690 3085 1019 3153 internum
1037 3134 1058 3162 ‚
1087 3082 1321 3152 acideo
1345 3083 1417 3152 in
1441 3080 1579 3152 Deo
1619 3087 1769 3179 sunt
1803 3081 2190 3159 necessarias,
2221 3085 2363 3148 tum

338 3193 527 3282 quia,
566 3191 876 3284 quidquid
913 3193 985 3261 in
1009 3190 1147 3262 Deo
1171 3196 1266 3260 est
1288 3240 1309 3270 ‚
1336 3197 1431 3261 est
1451 3193 1519 3260 vi
1552 3191 1722 3259 illius
1761 3187 2209 3281 simplicissimi
2253 3209 2362 3256 ac-

338 3299 446 3367 tus
469 3349 489 3378 ,
530 3321 660 3392 quo
681 3299 764 3369 ab
787 3305 1023 3370 aeterno
1047 3299 1250 3369 existit
1290 3304 1351 3368 et
1395 3299 1528 3389 agit
1549 3303 1611 3366 et
1633 3296 1776 3366 vult
1807 3349 1824 3376 ,
1864 3302 2005 3365 tum
2030 3295 2181 3387 quia
2205 3317 2363 3364 cum

210 3392 217 3399 ⁶
341 3408 712 3477 exercitium
730 3407 1038 3479 libertatis
1069 3409 1148 3478 sit
1165 3428 1320 3478 vera
1345 3407 1670 3499 perfectio,
1700 3410 1879 3474 actus
1898 3405 2093 3494 hujus
2122 3404 2360 3473 exerci-

347 3510 411 3582 tii
447 3532 784 3607 nunquam
812 3538 851 3585 a
876 3515 1014 3585 Deo
1059 3517 1275 3586 abesse
1298 3516 1543 3607 potuit,
1590 3515 1885 3605 quamvis
1925 3512 2242 3581 terminus
2284 3531 2355 3580 ex

342 3630 592 3700 duobus
638 3631 1144 3701 contradictoriis
1195 3626 1497 3702 alteruter
1549 3632 1699 3722 eligi
1740 3630 1989 3721 potuit,
2037 3649 2189 3697 cum
2248 3650 2365 3720 per

344 3739 717 3810 electionem
745 3741 1041 3810 utriusvis
1069 3741 1324 3811 libertas
1368 3759 1552 3831 aeque
1596 3742 2002 3818 exerceatur;
2033 3759 2186 3828 ergo
2227 3742 2362 3807 ter-

344 3846 560 3917 minus
605 3847 917 3917 volitionis
969 3847 1202 3917 divinae
1255 3849 1642 3917 extrinsecus
1693 3850 1785 3912 est
1855 3845 2234 3935 contingens
2285 3867 2360 3913 ac
2488 3910 2489 3913 ,

346 3942 535 4044 proin
556 3953 869 4025 variabilis
902 3979 976 4025 eo
999 3976 1189 4026 sensu
1215 4009 1233 4038 ,
1271 3958 1445 4045 quod
1472 3955 1786 4024 terminus
1814 3953 1922 4024 ille
1943 4003 1958 4034 ,
1991 3953 2103 4042 qui
2124 3953 2359 4022 electus
