2988 4832
1289 482 1420 554 113

339 601 710 673 indifferens
733 602 1153 695 indifferentia
1171 607 1373 673 activa
1390 617 1450 674 et
1466 606 1789 686 decumis,
1825 610 1897 677 C.
1922 608 2073 678 Ant.
2094 610 2167 676 In
2173 605 2350 700 diff&

342 713 549 791 sentia
574 712 823 801 passiva
844 762 863 791 ‚
920 713 1007 781 Ν.
1043 713 1197 781 Ant.
1252 717 1317 780 et
1362 715 1542 782 Com.
1580 714 1947 803 Indifferens
2001 714 2237 783 scilicet
2280 715 2350 784 in
2421 736 2434 749 ·

340 839 581 911 genere
603 818 852 898 dicitur,
870 818 1040 911 quod
1059 820 1351 889 nondum
1374 825 1468 889 est
1496 820 1988 891 determinatum
2011 821 2094 890 ad
2111 842 2346 890 unum.

339 923 465 993 Ast
484 924 902 994 indifferentia
932 926 1165 1018 duplex
1192 933 1286 997 est
1298 952 1325 1008 ,·
1353 930 1606 1018 passiva
1626 978 1645 1007 ,
1698 928 1767 996 vi
1815 929 1996 1018 cnjus
2026 928 2351 1020 quidpiam

342 1053 424 1100 ex
448 1030 813 1120 sejnhabile
836 1038 928 1101 est
961 1033 1043 1101 ad
1066 1032 1453 1105 mutandum
1480 1034 1739 1127 propria
1761 1034 1825 1104 vi
1849 1040 2079 1103 statum
2111 1058 2303 1104 suum
2328 1064 2349 1123 ς

341 1131 577 1231 sich.
614 1161 683 1230 g.
713 1139 994 1225 Qmateria
1032 1141 1398 1211 indifferens
1426 1147 1523 1212 est
1553 1141 1636 1210 ad
1660 1146 1912 1210 motum
1931 1141 2035 1209 vel
2056 1141 2137 1209 ad
2162 1142 2355 1232 quie-
2447 1130 2452 1135 ⁴

341 1249 537 1324 tem„
572 1266 716 1314 cera
748 1247 829 1315 ad
861 1247 1033 1317 hanc
1057 1248 1171 1330 ‚vel
1207 1249 1389 1318 illam
1426 1249 1704 1318 formam
1753 1246 2149 1317 induendam
2177 1255 2298 1318 etc.
2330 1277 2348 1330 ς

344 1354 411 1418 et
448 1353 651 1418 activa
677 1403 696 1432 ,
739 1353 792 1421 si
839 1354 992 1444 quid
1037 1379 1314 1448 selpsum
1352 1355 1774 1425 determinare
1812 1361 2171 1446 statumque
2212 1380 2356 1424 mu-

343 1465 481 1526 tare
515 1459 769 1550 propria
802 1461 867 1528 vi
889 1468 1133 1552 potest3
1167 1465 1256 1532 sic
1304 1464 1523 1532 anima
1571 1467 1785 1531 nostra
1831 1462 1904 1529 in
1958 1468 2105 1530 actu
2144 1464 2354 1554 primo

346 1566 634 1656 proximo
660 1567 858 1657 posita
881 1618 898 1646 ‚
933 1569 1227 1636 nondum
1255 1575 1349 1638 est
1387 1568 1803 1637 determinata
1836 1566 1919 1635 ad
1945 1588 2162 1636 unum
2192 1617 2213 1649 ,
2247 1569 2356 1638 sed

321 1677 504 1773 *teste
536 1695 727 1742 sensu
765 1676 994 1744 intimo
1024 1675 1295 1766 seipsam
1319 1675 1698 1743 determinat
1727 1675 1793 1744 vi
1831 1674 2088 1766 propria
2118 1723 2139 1755 ,
2184 1675 2357 1767 quod

348 1780 704 1853 libertatem
723 1805 856 1852 non
886 1784 1076 1862 tollit,
1105 1783 1215 1853 sed
1236 1783 1487 1870 stabilit.
1520 1806 1527 1815 ⁸

437 1973 596 2038 Imt.
633 1970 703 2039 2⁹
729 1968 926 2060 Atqui
956 1970 1174 2037 anima
1206 1989 1341 2038 non
1384 1974 1588 2060 potest
1624 1989 1690 2037 se
1735 1966 2159 2037 determinare
2182 2018 2199 2046 ,
2237 1967 2360 2037 nisi
2502 2054 2512 2065 x

349 2081 525 2170 prius
568 2085 899 2148 moveatur
948 2077 1030 2145 ab
1066 2077 1191 2148 alio
1217 2126 1236 2155 ‚
1293 2075 1341 2144 i.
1375 2097 1437 2146 e.
1467 2096 1511 2145 a
1549 2075 1719 2146 bono
1742 2126 1761 2155 ‚
1789 2087 1865 2144 ut
1894 2075 2181 2153 motivo:
2222 2075 2359 2145 sine

349 2209 481 2277 quo
512 2209 702 2279 agere
730 2185 894 2255 nihil
922 2189 1163 2267 ootest3
1202 2205 1356 2275 ergo
1385 2181 1590 2254 libera
1615 2204 1752 2253 non
1776 2186 1870 2254 est
1896 2180 1982 2251 ab
2009 2179 2192 2250 omni
2230 2203 2360 2251 ne·-

350 2296 650 2364 cessitate.

438 2473 518 2544 R.
566 2477 654 2542 D.
687 2476 856 2546 Mm.
889 2483 1134 2561 ouospt.
1169 2468 1304 2539 Nisi
1328 2470 1505 2560 prius
1532 2473 1863 2538 moveatur
1893 2487 1935 2535 a
1961 2465 2134 2535 bono
2168 2518 2185 2545 ,
2219 2463 2265 2534 i.
2294 2487 2357 2534 e.

349 2584 477 2653 nisi
516 2581 828 2675 praecedat
858 2580 1071 2672 aliqua
1112 2578 1385 2669 cognitio
1433 2576 1661 2667 objecti
1687 2582 1750 2644 et
1787 2574 1942 2643 boni
1993 2574 2260 2666 alicujus
2289 2574 2362 2642 in

347 2692 595 2782 objecto
615 2742 634 2769 ‚
666 2710 794 2780 quo
843 2688 1152 2757 alliciatur
1183 2685 1490 2776 appetitus
1511 2736 1529 2763 ,
1574 2684 1648 2755 C.
1684 2685 1854 2753 Min.
1904 2683 2146 2771 Subspc.
2164 2733 2181 2759 ‚
2218 2681 2265 2750 i.
2295 2703 2359 2751 e.

348 2797 701 2867 nisivolitio
718 2797 852 2887 ipsa
880 2794 961 2863 ab
983 2794 1093 2862 illo
1116 2791 1286 2860 bono
1310 2789 1888 2859 determinetur.N.
1911 2790 2081 2857 Min.
2108 2789 2358 2877 Subspc.

346 2905 570 2995 Itaque
596 2902 836 2992 indiget
874 2900 1134 2991 quidem
1182 2898 1399 2966 anima
1439 2895 1522 2963 ad
1548 2896 2139 2963 determinationem
2187 2894 2361 2964 bono

347 3012 568 3102 aliquo
588 3009 669 3078 ab
698 3008 1021 3077 intellectu
1063 3008 1357 3096 percepto
1400 3007 1711 3091 tanquam
1740 3002 2089 3069 necessario
2115 3021 2365 3091 praere-

346 3117 581 3210 quisito
602 3168 620 3195 ,
654 3117 783 3181 sine
814 3136 929 3204 quo
954 3134 1121 3179 non:
1157 3111 1365 3200 anoti
1412 3107 1589 3177 enim
1627 3108 1804 3174 nulla
1844 3108 2105 3196 cupid03
2135 3111 2202 3173 et
2237 3107 2367 3175 hoc.

348 3226 615 3318 quidem
641 3224 814 3293 bono
835 3220 1088 3311 cognito
1110 3217 1459 3286 necessario
1481 3216 1671 3285 etiam
1692 3213 1972 3303 sequitur
1995 3212 2204 3301 aliqua
2230 3213 2368 3301 ejus

346 3330 650 3424 appetitio
676 3327 761 3398 ob
786 3327 1076 3397 innatam
1099 3326 1182 3394 ad
1196 3325 1446 3394 bonum
1471 3324 1545 3392 in
1571 3343 1803 3413 genere
1832 3317 2309 3389 inclinationem
2336 3346 2357 3398 ;

345 3438 590 3514 verum
611 3436 782 3505 hanc
802 3433 1250 3526 appetitionem
1268 3432 1563 3500 voluntas
1599 3426 2005 3521 suspendere,
2031 3447 2320 3496 coercere
2341 3476 2361 3503 ,
2502 3423 2505 3428 ’

346 3548 491 3619 imo
531 3546 720 3617 etiam
742 3542 815 3613 in
857 3541 1260 3624 aversionem·
1274 3544 1525 3609 mutare
1552 3542 1778 3631 potest.
1815 3534 1982 3606 Cum
2002 3534 2178 3602 enim
2196 3531 2359 3600 illud

345 3652 626 3732 bonum,
674 3648 848 3743 quod
884 3650 956 3718 in
995 3649 1293 3740 praesenti
1324 3652 1488 3717 statu
1532 3647 1765 3716 animae
1806 3640 2236 3735 repraesentari
2255 3661 2368 3731 po-

346 3767 478 3835 test
502 3814 520 3845 ,
565 3762 643 3833 sit
682 3760 939 3831 finitum
965 3809 984 3838 ‚
1023 3757 1129 3828 vel
1155 3741 1222 3826 'si
1262 3756 1590 3826 infinitum
1617 3805 1634 3833 ,
1682 3750 1941 3823 nonnisi
1989 3747 2256 3820 obscure
2303 3752 2370 3813 et

311 3893 312 3900 ¹
349 3870 751 3959 inadaequate
779 3866 1109 3957 cognitum
1137 3866 1397 3955 ejusque
1428 3860 1786 3932 consecutio
1819 3878 1973 3929 cum
2004 3854 2368 3926 difficultate
