2988 4832
1580 454 1711 527 328

700 574 935 649 Senoc.
977 570 1319 645 AEternitas
1350 573 1472 645 Dei
1500 577 1713 669 itaque
1741 593 1878 645 non
1922 580 2019 647 est
2056 566 2631 672 successiva-isli&

619 681 770 754 dam
799 684 1045 780 duratio
1067 736 1084 764 ,
1119 686 1205 752 ita
1231 689 1305 753 ut
1331 684 1409 753 de
1445 684 1583 756 Deo
1609 687 1860 757 interne
1889 685 2221 777 praedicari
2242 686 2438 777 possit
2465 689 2626 774 suit,-

506 801 513 806 ’
617 802 703 857 est
718 842 738 870 ,
774 794 896 859 erit
914 844 930 870 ‚
987 792 1097 860 sed
1143 797 1235 859 est
1266 790 1805 886 simplicissimum
1843 797 1909 861 et
1957 792 2306 861 absolutum
2346 813 2502 884 esse,
2552 794 2631 863 de

575 903 578 904 ⁷
617 922 745 990 quo
775 900 827 967 si
858 899 1210 972 minimum
1253 899 1410 990 quid
1442 900 1814 970 actuationis
1860 900 2228 969 detrahatur
2254 948 2278 979 ,,
2317 898 2629 969 aeternitas

617 999 826 1077 stricte
874 1007 1041 1079 dicta
1082 1031 1218 1077 non
1260 1013 1377 1077 est.
1424 1006 1500 1078 Id
1547 1008 1702 1079 adeo
1762 1010 2064 1078 nonnulli
2118 1009 2308 1077 etiam
2367 1010 2631 1101 gentiles

616 1129 970 1205 agnovere.⁴
1025 1114 1130 1185 Sic
1176 1115 1356 1185 Plato
1403 1117 1474 1185 in
1503 1115 1746 1185 Timaeo
1778 1116 1919 1185 haec
1951 1116 2144 1185 habet
2171 1139 2193 1183 .-
2226 1136 2387 1185 nnn·
2417 1166 2436 1195 ‚
2472 1139 2578 1186 nsr
2609 1121 2637 1194 ,'

617 1243 758 1290 mur
779 1274 799 1302 ‚
832 1236 1034 1313 partes
1080 1236 1224 1292 sunt
1249 1226 1534 1315 temporis
1551 1275 1572 1304 ,
1604 1237 1660 1292 et
1691 1227 1848 1291 male
1890 1225 2350 1313 transferuntur
2397 1226 2484 1290 ad
2516 1248 2633 1291 na-
2700 1243 2705 1249 ’

507 1419 512 1426 „
618 1340 849 1409 turam,
878 1343 1166 1400 (eternam
1182 1356 1209 1412 ,-
1246 1333 1389 1399 huic
1456 1353 1564 1401 Esr
1614 1342 1856 1400 tantum
1905 1334 2178 1401 convenit
2225 1330 2363 1423 (1).
2427 1331 2632 1414 Quare

618 1433 790 1505 Deus
815 1439 1221 1510 essentialiter
1241 1490 1262 1519 ‚
1317 1440 1413 1507 uti
1444 1463 1560 1531 per
1594 1440 2089 1511 immensitatem
2119 1439 2201 1510 ad
2242 1439 2541 1509 intimam
2566 1441 2632 1508 in

617 1544 797 1613 omni
816 1545 957 1614 loco
981 1548 1386 1638 praesentiam
1411 1599 1427 1626 ,
1469 1548 1555 1615 ita
1585 1571 1701 1640 per
1730 1548 2147 1619 aeternitatem
2175 1545 2258 1617 ad
2286 1547 2632 1616 coexisten-

618 1652 775 1721 tiam
803 1654 872 1724 in
910 1656 1092 1724 omni
1120 1660 1406 1750 tempore
1444 1655 1640 1724 rebus
1669 1656 2178 1747 quibuscumque
2232 1654 2633 1725 existentibus

617 1758 1082 1833 determinatur
1113 1788 1130 1833 ε
1162 1763 1296 1855 ipse
1324 1769 1543 1832 autem
1559 1787 1870 1854 nunquam
1912 1764 1960 1832 i.
2010 1786 2069 1833 e.
2108 1763 2291 1833 nullo
2323 1762 2632 1834 determi-

624 1872 777 1937 nato
822 1872 1107 1963 tempore
1149 1870 1255 1938 vel
1304 1872 1569 1939 omnino
1599 1872 1670 1939 in
1699 1877 1982 1963 tempore
2009 1867 2206 1974 (cum
2259 1870 2631 1939 membrum

616 1976 1025 2046 successionis
1047 1998 1268 2046 rerum
1292 1999 1428 2046 esse
1459 1980 1751 2070 nequeat)
1775 1984 1839 2049 et
1866 2002 2114 2068 smper,
2138 1979 2186 2048 i.
2213 2000 2273 2048 e.
2308 1978 2630 2071 complec-

616 2085 759 2152 tens
786 2082 856 2156 in
884 2105 952 2153 se
980 2085 1337 2158 eminenter
1373 2107 1574 2154 ‘omne
1603 2092 1856 2178 tempus
1880 2139 1896 2166 ‚
1938 2086 2167 2155 existit.

1333 2308 1968 2383 OBJEGTIONES.

712 2544 863 2613 137.
906 2544 1084 2614 om:
1113 2544 1411 2613 Actiones
1439 2540 1558 2611 Dei
1587 2543 1726 2610 aliae
1769 2549 1919 2610 sunt
1947 2545 2278 2635 proeteritae
2297 2594 2319 2624 ‚
2336 2543 2494 2614 ⁸11ae
2521 2541 2628 2611 su-

618 2661 775 2721 turae
802 2682 818 2734 3
869 2676 1018 2744 ergo
1050 2653 1236 2720 datur
1264 2653 1333 2718 in
1363 2648 1500 2718 Deo
1527 2652 1653 2737 fuit
1683 2656 1746 2718 et
1773 2652 1917 2720 erit.

625 2794 634 2825 2
669 2812 682 2819 >·
703 2781 783 2852 R.
841 2785 916 2852 D.
952 2784 1102 2853 Ant.
1159 2781 1456 2852 Actiones
1509 2779 1627 2850 Dei
1655 2793 1805 2850 sunt
1855 2785 2187 2874 praeteritae
2249 2782 2357 2852 vel
2404 2783 2635 2850 suturae

615 2892 857 2959 ratione
873 2886 1169 2983 principii
1189 2890 1507 2984 operantis
1530 2942 1546 2968 ‚
1583 2891 1670 2960 N.
1706 2892 1858 2960 Ant.
1889 2890 2155 2959 Ratione
2184 2890 2630 2965 terminorum,

617 2999 730 3088 qui
764 3020 897 3068 esse
941 3000 1147 3090 reipsa
1178 3003 1290 3068 aut
1332 2998 1650 3089 incipiunt
1686 2998 1794 3067 vel
1831 2997 2133 3067 desinunt
2169 3049 2186 3076 ,
2252 3001 2362 3065 aut
2413 2995 2634 3064 saltem

616 3107 866 3199 concipi
886 3114 1149 3199 possunt
1178 3108 1457 3198 incipere
1486 3111 1599 3173 aut
1619 3104 1926 3185 desinere,
1957 3107 2030 3178 C.
2053 3107 2206 3173 Ant.
2237 3109 2300 3172 et
2321 3105 2411 3173 N.
2451 3104 2628 3171 cons.

618 3215 776 3282 Fuit
824 3215 1002 3282 enim
1038 3221 1099 3283 et
1127 3216 1247 3280 erit
1276 3214 1347 3281 in
1380 3222 1526 3280 ente
1576 3220 1812 3283 aetern‘o
1845 3213 2051 3281 stricte
2082 3210 2406 3303 loquendo
2435 3213 2634 3282 inter-

616 3338 773 3389 nam
806 3321 1269 3390 successionem
1313 3319 1615 3402 denotat,
1650 3320 1734 3390 -id
1768 3318 1942 3414 quod
1991 3319 2124 3388 enti
2172 3318 2634 3410 simplicissimo

615 3566 622 3573 ·
681 3533 754 3600 (1)
786 3535 1084 3586 Luculenter
1103 3536 1428 3587 aeternitatem
1464 3536 1558 3587 Dei
1578 3536 1731 3587 etiam
1756 3537 1968 3600 explicat
1987 3537 2040 3588 S.
2063 3535 2272 3600 August.
2305 3533 2375 3585 in¹
2392 3533 2636 3590 Euat-rata

615 3607 672 3657 in
688 3605 877 3660 Psalm.
899 3608 980 3661 CI.
1000 3609 1158 3659 Serm.
1179 3609 1243 3660 11.
1262 3609 1331 3658 N⁰
1354 3611 1448 3672 w,
1472 3609 1639 3658 dicens
1662 3601 1679 3658 Ξ
1701 3609 1980 3659 AEternitas
2001 3609 2114 3674 ipsa
2137 3608 2233 3658 Dei
2251 3605 2525 3657 substantia
2541 3609 2628 3669 est,

617 3692 731 3742 Μ
765 3679 896 3729 nihil
916 3678 1056 3730 habet
1092 3677 1363 3743 mutabile,·
1402 3678 1476 3728 iba·
1505 3679 1635 3731 nihil
1657 3683 1730 3730 est
1759 3679 2086 3744 proeteritum,
2113 3679 2260 3744 quasi
2267 3678 2384 3742 jam
2411 3690 2509 3726 non
2530 3677 2631 3737 sit,-

614 3749 745 3799 m'lu’l
760 3754 833 3800 est
849 3751 1095 3814 staturum,
1114 3751 1259 3817 quasi
1282 3749 1499 3800 nondum
1518 3751 1618 3816 sit,
1661 3751 1752 3802 ced
1769 3765 1864 3802 non
1883 3754 1978 3802 est
1990 3749 2064 3802 ibi
2081 3752 2184 3801 nm·
2204 3763 2310 3800 us't.
2333 3748 2447 3800 Non
2464 3750 2540 3797 est
2563 3745 2632 3795 ibi

613 3831 727 3870 rtur
746 3823 793 3870 et
819 3834 961 3875 nmr:
992 3821 1123 3886 quia,
1171 3826 1219 3872 et
1237 3819 1369 3886 quod
1387 3820 1506 3886 fuit,
1524 3822 1643 3886 jam
1667 3837 1762 3875 non
1781 3825 1871 3890 est,
1897 3825 1945 3874 et
1963 3821 2097 3891 quod
2113 3822 2213 3877 erit
2227 3856 2246 3890 ,
2283 3819 2500 3878 nondum
2529 3820 2629 3874 εείἱ

615 3891 722 3955 secl,
744 3892 987 3959 quidquid
1007 3891 1080 3946 ibi
1094 3896 1182 3961 est,
1210 3907 1306 3946 non
1326 3895 1400 3953 est
1430 3891 1535 3947 nisi
1555 3902 1695 3952 εει.
