2988 4832
1512 412 1600 481 88

554 539 778 612 alium·
809 536 1048 619 habere
1100 535 1316 623 debuit
1342 585 1367 622 ,
1391 620 1394 623 ,
1417 559 1571 637 cur,
1606 545 1847 621 crearet
1899 540 2105 636 potius
2126 590 2150 623 .
2187 558 2382 637 quam
2430 563 2564 617 non

554 653 833 727 crearet:

811 806 875 818 .-.2-

565 884 571 897 ,
638 813 725 887 ΒΞ
733 815 744 820 ’
759 805 1020 888 cmvii:
1048 814 1218 886 Nam
1240 817 1355 887 etsi
1373 815 1548 886 Deus
1567 832 1704 886 non
1718 817 1998 886 'creasset
2018 864 2036 895 .
2081 835 2215 886 non
2247 816 2390 888 ideo
2428 837 2563 890 non

557 927 784 1018 egisset
806 955 841 1008 ς.
870 927 1085 995 suisset
1106 926 1282 993 enim
1305 926 1377 993 in
1412 925 1537 995 hac
1558 925 1894 1017 hypothesi
1912 925 1983 992 in
2012 923 2148 993 Deo
2172 916 2563 996 determina-

547 1034 636 1102 tio
673 1034 757 1102 ad
782 1033 1297 1102 non-creandum
1320 1083 1342 1112 ‚
1390 1054 1536 1124 quae
1558 1054 1644 1098 *m
1678 1055 1740 1098 se
1778 1037 2052 1124 spectata
2074 1052 2209 1100 non
2232 1038 2326 1100 est
2345 1034 2564 1102 minus

545 1142 733 1211 realis
769 1141 933 1210 actio
953 1191 975 1222 ,
1029 1163 1229 1232 quam
1261 1139 1711 1209 determinatio
1736 1139 1822 1209 ad
1863 1139 2215 1209 creandum
2235 1191 2258 1220 ‚
2312 1144 2376 1210 et
2401 1163 2564 1212 mu·-

548 1236 716 1316 tatus
738 1249 953 1317 fuisset
973 1252 1239 1328 ¹tantum
1261 1248 1574 1316 terminus
1608 1248 1869 1316 actionis
1892 1247 2123 1317 divinae
2145 1299 2164 1328 ,
2211 1248 2259 1317 i.
2294 1270 2357 1318 e.
2395 1249 2564 1319 obti-

547 1357 787 1423 nuisset
815 1356 1224 1424 non-creatio
1265 1355 1408 1423 loco
1442 1357 1799 1424 creationis.
1844 1348 1982 1424 Sed
2023 1357 2113 1425 N.
2166 1351 2346 1424 Gon&
2385 1355 2556 1426 Nam
2624 1344 2633 1347 ⁵

551 1464 613 1529 1⁰
643 1463 690 1530 si
709 1463 860 1531 finis
886 1463 991 1533 vel
1013 1465 1334 1532 motivum
1350 1463 1608 1554 aliquod
1630 1463 1844 1530 fuisset
1868 1463 1940 1529 in
1962 1460 2098 1530 Deo
2120 1461 2556 1534 determinans

544 1571 627 1639 ad
654 1571 1005 1640 creandum
1033 1573 1240 1662 potius
1259 1592 1458 1660 quam
1478 1570 1562 1638 ad
1586 1568 2136 1649 non-creandum,
2165 1572 2401 1639 creatio
2425 1592 2560 1640 non

545 1710 585 1758 a
617 1689 750 1757 sola
776 1688 1300 1758 determinatione
1328 1689 1672 1758 voluntatis
1698 1687 1934 1757 divinae
1955 1687 2376 1757 determinata
2407 1678 2564 1758 fuis-

548 1800 639 1862 set
665 1803 685 1872 ',‘
710 1794 1007 1889 adeoque·
1019 1795 1313 1864 voluntas
1334 1795 1550 1864 divina
1568 1801 1798 1886 praeter
1819 1818 1886 1863 se
1908 1782 2168 1865 causam
2191 1819 2326 1868 suae
2358 1797 2562 1868 deter-

544 1905 909 1972 minationis
934 1902 1295 1984 habuisset,
1346 1905 1521 1996 quod
1555 1911 1648 1975 est
1681 1905 2078 1997 absurdum3
2119 1911 2184 1975 et
2223 1907 2292 1974 2·
2328 1908 2562 1978 sufficit

542 2010 910 2078 exercitium
932 2011 1233 2080 libertatis
1244 2013 1372 2102 qua
1384 2013 1544 2081 ratio
1562 2013 1881 2080 sufficiens
1894 2014 2250 2082 creationis·
2263 2013 2549 2092 Etenim.
2575 2032 2577 2037 ⁴

542 2139 696 2186 cum
716 2116 800 2186 ad
842 2117 1043 2187 finem
1073 2119 1357 2210 aliquem
1375 2192 1378 2195 ,
1395 2120 1819 2190 obtinendum
1844 2142 1980 2188 non
2022 2125 2173 2188 sunt
2199 2170 2217 2197 ‚
2270 2121 2390 2188 nisi
2426 2121 2557 2190 duo

541 2225 749 2293 media
774 2226 1046 2316 perfecte
1077 2229 1343 2317 aequalia
1363 2279 1383 2308 ,
1423 2231 1743 2296 utrumvis
1776 2233 2168 2306 assumatur,
2213 2229 2557 2298 assumitur

539 2356 617 2402 ex
647 2340 951 2404 amore-et
972 2335 1209 2404 motivo
1243 2337 1389 2404 finis
1411 2387 1429 2415 ,
1467 2356 1677 2427 neque
1714 2335 1928 2405 ullum
1961 2339 2165 2428 potest
2198 2358 2331 2404 esse
2357 2337 2552 2404 moti-

541 2465 717 2521 vum,
746 2466 863 2510 cur
885 2444 1160 2511 alterum
1184 2445 1367 2511 alteri
1383 2445 1779 2535 praet'eratur.
1821 2442 2096 2513 sienim
2122 2449 2282 2511 esset
2293 2444 2551 2534 aliquod

539 2530 853 2619 motivum
894 2602 912 2630 ,
965 2573 1081 2619 cur
1126 2551 1506 2618 alterutrum
1554 2549 2027 2641 praeferendum
2084 2572 2489 2620 censeremus
2525 2566 2560 2630 ,·

533 2661 670 2749 jam
691 2657 819 2727 duo
842 2658 1051 2725 media
1096 2662 1317 2725 contra
1354 2657 1756 2749 hypothesim
1803 2678 1939 2724 non
1995 2661 2203 2725 essent
2251 2664 2549 2749 respectu
2580 2749 2581 2754 ἵ

541 2767 739 2835 nostri
772 2766 1059 2856 aequalia.
1104 2764 1261 2843 ‚Jam
1287 2786 1441 2834 vero
1493 2762 1667 2833 Deus
1707 2764 2057 2831 necessario
2110 2785 2308 2854 agens
2328 2814 2346 2843 ,
2398 2787 2551 2833 cum

536 2874 792 2943 deberet
805 2872 923 2940 sibi
930 2894 1283 2964 proponere
1294 2872 1493 2941 finem
1509 2871 1770 2939 actionis
1785 2891 1915 2938 suae
1929 2892 1995 2938 se
2013 2870 2305 2960 dignum,
2321 2870 2550 2942 finem-

535 3006 659 3073 que
688 2984 881 3051 istum
904 2980 1164 3049 haberet
1183 2981 1255 3048 in
1284 2981 1576 3048 exercitio
1611 3002 1742 3048 suae
1772 2978 2106 3056 libertatiS,
2151 2977 2374 3046 habuit
2420 2980 2548 3048 duo

536 3092 745 3161 media
777 3089 1141 3159 exercendas
1170 3088 1472 3157 libertatis
1498 3138 1515 3165 ,
1569 3089 1957 3157 creationem
1998 3086 2235 3155 scilicet
2276 3093 2341 3155 et
2383 3110 2550 3155 non-

534 3198 967 3276 creationem3
1014 3196 1134 3263 ista
1177 3216 1329 3263 vero
1356 3193 1506 3283 gduo
1548 3201 1730 3263 erant
1773 3198 2064 3284 respectu
2106 3181 2225 3261 D'ei
2270 3194 2551 3284 perfecte

536 3303 820 3394 aqualia,
847 3324 1001 3393 ergo
1025 3302 1284 3371 nullum
1306 3300 1542 3369 habere
1562 3303 1767 3392 potuit
1792 3301 2130 3380 motivum,
2161 3300 2548 3371 alterutrum

537 3401 946 3503 praeponendi
975 3415 1094 3508 *set
1113 3409 1260 3478 finis
1288 3408 1585 3476 utriusvis
1606 3430 1741 3477 non
1761 3409 1965 3499 potuit
1984 3430 2119 3476 esse
2142 3458 2162 3486 ,
2206 3407 2329 3478 nisi
2368 3428 2548 3476 exer·

538 3516 757 3586 citium
776 3539 908 3588 suae
926 3516 1248 3593 libertatis,
1294 3512 1364 3583 Si
1390 3516 1568 3583 enim
1590 3537 1844 3585 necesse
1874 3514 2081 3583 habeo
2109 3514 2324 3605 aliquo
2344 3515 2437 3584 ire
2463 3535 2544 3583 ex

534 3625 779 3694 duabus
798 3627 914 3693 viis
937 3675 956 3703 ,
994 3624 1113 3700 sub
1137 3623 1317 3692 omni
1333 3629 1623 3714 respectu
1644 3623 2014 3715 aequalibus,
2044 3645 2163 3692 cur
2181 3643 2386 3694 unam
2404 3641 2543 3712 [πω

533 3734 729 3806 altera
748 3733 981 3829 eligam
1007 3785 1024 3813 ,
1061 3733 1221 3806 ratio
1245 3730 1368 3804 alia
1398 3753 1533 3803 non
1555 3738 1647 3802 est
1666 3784 1682 3811 ,
1724 3756 1920 3825 quam
1940 3730 2262 3802 liberrima
2289 3721 2571 3805 electio..·
