2988 4832
351 706 360 713 -
444 664 672 737 Senon.
711 665 909 737 'Circa
945 661 1119 733 hanc
1168 658 1564 754 possibilium
1601 650 2060 745 cognitionem,
2106 654 2219 719 se'u
2234 699 2251 727 ‚
2298 649 2372 718 ut

352 779 609 854 vocant,
652 774 983 843 scientiam
1023 769 1326 861 simplicis
1367 762 1822 854 intelligentiae.
1871 761 2037 831 inter
2074 755 2373 827 Philoso-

224 971 232 980 μ
314 852 330 920 Ῑ
351 882 519 972 phos
546 882 728 950 nulla
758 888 853 951 est
882 880 1263 973 opinionum
1297 873 1620 945 diversitas
1646 896 1667 940 ε
1691 875 1788 939 ast
1826 890 1961 938 non
2002 865 2174 935 idem
2207 886 2376 933 con-

352 995 583 1058 sensus
613 995 708 1057 est
736 990 909 1057 circa
936 988 1252 1055 scientiam
1278 982 1534 1052 visionis
1568 985 1632 1049 et
1666 978 1952 1046 mediam.
1977 973 2144 1044 Nam
2171 973 2377 1064 pleri-2

351 1118 485 1185 que
529 1093 899 1187 Philosophi
936 1102 1078 1163 tum
1116 1092 1344 1171 Graeci,
1391 1097 1534 1158 tum
1575 1085 1870 1163 Romani,
1912 1106 2060 1152 cum
2093 1083 2377 1152 divinam

357 1202 821 1293 praescientiam
858 1225 992 1270 non
1025 1207 1279 1292 possent
1311 1221 1466 1268 cum
1498 1194 1789 1264 humanu
1827 1193 2110 1260 libertate
2153 1194 2383 1261 conci-

361 1308 534 1385 liare,
573 1306 680 1376 alii
706 1330 971 1377 omnem
1001 1308 1266 1376 ‘homini
1303 1305 1683 1379 libertatem,
1733 1299 1839 1367 alii
1880 1295 2015 1386 Deo
2054 1297 2381 1367 scientiam

360 1412 561 1484 libere
592 1416 958 1484 futurorum
989 1414 1411 1504 abnegarunt,
1452 1432 1532 1479 ex
1563 1407 1794 1500 quibus
1831 1409 1965 1474 erat
1993 1406 2183 1472 ctiam
2212 1404 2382 1472 Tul-

362 1689 618 1743 numerus,
642 1680 702 1728 ut
718 1677 851 1727 ultra
870 1673 967 1726 alia
998 1677 1050 1726 et
1083 1673 1181 1725 alle
1208 1671 1419 1723 existere
1446 1680 1551 1722 non
1570 1666 1775 1732 possint,
1794 1664 1928 1719 hene
1945 1663 2063 1717 dein
2084 1660 2388 1714 sententium

363 1752 586 1800 tuentur.
601 1747 854 1799 possibilia
872 1748 927 1797 in
940 1746 1031 1797 sus,
1044 1743 1460 1809 cognoscibilitate
1475 1742 1706 1792 distincta
1716 1740 1834 1790 sunt
1848 1750 2060 1789 nume
2073 1735 2211 1786 finita
2230 1746 2246 1782 ε
2267 1745 2386 1792 nam

365 1832 456 1883 per
476 1820 944 1883 cognoscibilitatem
965 1830 1110 1870 suam
1127 1815 1400 1880 diversam,
1422 1814 1516 1865 etsi.
1537 1826 1638 1863 non
1669 1811 1898 1871 realiter,
1930 1812 2099 1859 tomen
2119 1814 2388 1858 tormentet-

366 1892 589 1941 efficiunt
604 1893 749 1954 plura
769 1891 988 1952 adeoque
1007 1900 1276 1939 numerum
1289 1898 1307 1951 3
1321 1898 1562 1936 numerus
1585 1896 1704 1933 vero
1721 1881 1944 1932 infinitus
1963 1880 2114 1930 ctimn
2137 1876 2388 1941 cognosci·

366 1963 545 2013 bilium
559 1965 735 2012 etactu
752 1962 1063 2025 cogniturum
1081 1962 1192 2009 tum
1203 1958 1451 2021 repugnat
1467 1956 1525 2006 in
1543 1968 1614 2019 se,
1634 1957 1743 2004 tum
1760 1964 1823 2002 ex
1838 1964 1921 2012 eo,
1939 1950 2069 2012 quod
2086 1950 2280 1998 nullum
2301 1959 2389 1997 ens

371 2034 601 2096 possibile
621 2032 685 2084 sit
702 2032 1043 2096 cognoscibile,
1066 2032 1146 2080 vel
1165 2042 1198 2080 a
1214 2028 1320 2079 Deo
1340 2028 1615 2109 cognitum,
1634 2024 1767 2088 quod
1790 2036 1892 2072 non
1914 2021 1979 2071 sit
2000 2020 2211 2080 creabile
2230 2033 2247 2081 ;
2271 2030 2390 2080 ergo

371 2104 584 2167 supponi
607 2106 802 2167 possent
827 2102 996 2153 omnia
1015 2100 1295 2164 possibilia,
1330 2101 1574 2162 quotenus
1597 2110 1651 2146 ιιι
1669 2092 2084 2158 cognoscibilitote
2102 2089 2192 2140 suxi
2215 2088 2393 2138 distin-

373 2179 614 2246 guantur,
637 2176 795 2226 creari
817 2189 833 2226 ε
855 2175 989 2238 quod
1010 2173 1054 2223 si
1072 2185 1191 2223 vero
1212 2171 1383 2222 omnia
1399 2168 1651 2234 possibilia
1675 2170 1840 2218 creatu
1866 2168 1981 2216 ectu
1995 2164 2279 2222 existerent,
2304 2173 2396 2209 nu·

368 2259 569 2297 merum
590 2249 834 2297 actualem
854 2246 1106 2298 efficerent
1128 2246 1180 2295 et
1210 2242 1415 2305 quidem
1445 2239 1700 2290 infinitum
1726 2274 1744 2301 ,
1787 2238 1828 2287 si
1861 2236 2111 2300 possibilia
2131 2238 2292 2285 essent
2313 2233 2395 2283 in·

369 2319 546 2385 finita;
574 2333 698 2383 ergo
720 2317 998 2382 possibilia,
1042 2314 1143 2378 qus
1161 2312 1389 2364 distinctu
1405 2346 1423 2374 ,
1461 2314 1580 2361 sunt
1601 2321 1811 2360 numero
1846 2309 2005 2359 finita.
2030 2306 2203 2369 Neque
2231 2306 2395 2365 obest,

370 2391 505 2458 'quod
524 2392 754 2455 objicitur
768 2425 785 2454 ,
820 2388 961 2453 quasi
981 2386 1078 2439 hic
1097 2385 1290 2439 ratione
1308 2383 1514 2436 scicntia
1530 2381 1611 2432 vel
1632 2380 1997 2444 omnipotentia.
2014 2377 2108 2430 Dei
2131 2375 2399 2439 restringe.

371 2471 472 2517 tur.
494 2463 709 2514 Scientia
728 2460 867 2512 enim
898 2459 996 2510 Dei·
1010 2471 1113 2510 non
1136 2453 1472 2522 cognoscendo
1492 2454 1588 2505 nisi
1625 2454 1767 2504 finita
1798 2464 2008 2502 numero
2046 2448 2297 2512 possibilia
2316 2447 2399 2496 ‹li-

370 2550 531 2598 verse,
547 2538 810 2598 propterea
820 2545 925 2583 non
940 2531 1099 2594 magis
1115 2529 1289 2593 fitipse
1304 2528 1465 2591 finite,
1479 2540 1631 2590 quam
1647 2524 1770 2576 visio
1788 2523 1940 2587 ipsius
1956 2521 2097 2573 finita
2109 2522 2164 2572 tit
2185 2520 2398 2571 videndo

370 2622 449 2659 res
472 2610 586 2658 ectu
602 2606 863 2656 existentes
884 2615 1096 2655 numero
1122 2602 1306 2652 finitas.
1326 2599 1530 2650 Infinita
1547 2598 1732 2657 scilicet
1750 2599 1824 2646 est
1843 2593 2049 2645 scientia
2067 2592 2236 2643 divina
2266 2595 2314 2644 et
2344 2590 2402 2641 in

370 2693 462 2730 suo
483 2678 675 2740 objecto
694 2677 871 2738 totali,
893 2675 1027 2738 quod
1045 2671 1196 2724 simul
1213 2673 1377 2724 Deum
1399 2669 1580 2734 ipsum
1608 2670 1829 2731 adeoque
1843 2700 1846 2704 Δ
1861 2665 2110 2728 obJectum
2145 2665 2404 2715 infinitum

378 2750 746 2814 complectitur,
778 2751 828 2800 et
848 2749 903 2798 in
921 2748 1091 2810 modo,
1111 2756 1212 2809 quo
1232 2744 1496 2808 cognoscit,
1522 2741 1826 2805 adoequando
1846 2737 2173 2800 intelligentia
2197 2737 2288 2787 sui.
2307 2738 2400 2787 ob-

370 2825 506 2885 jecta
524 2834 832 2885 quoecunque
864 2821 958 2872 sub
977 2817 1116 2869 omni
1144 2818 1372 2878 respectu
1390 2811 1823 2875 cognoscibilitatis
1837 2845 1854 2873 ‚
1897 2810 2118 2872 adeoque
2137 2809 2288 2858 etiam
2307 2808 2403 2858 sub

376 2897 600 2957 respectu
619 2891 874 2944 relationis
888 2927 904 2956 ,
932 2901 1086 2952 quum
1106 2885 1356 2950 possibilie
1377 2898 1492 2934 cum
1518 2883 1625 2932 Deo
1653 2884 1704 2932 et
1719 2881 1827 2942 iam
1846 2881 2035 2930 hubent
2055 2884 2108 2930 et
2139 2880 2399 2942 haberent,

279 2984 304 3002 -·
378 2966 421 3017 si
452 2966 775 3014 crearentur:
800 2961 886 3012 sed
906 2961 1049 3010 nulla
1069 2956 1246 3008 relatio
1265 2955 1479 3018 perfecte
1503 2951 1795 3015 intelligitur
1813 2985 1830 3013 ,
1857 2950 1954 2999 nisi
1974 2949 2177 3000 termini
2198 2949 2407 2999 relatio·

380 3036 460 3086 nis
480 3036 697 3098 perfecte
718 3031 1061 3094 inteuigantur
1083 3041 1101 3092 ;
1132 3040 1253 3091 ergo
1269 3025 1404 3076 Deus
1423 3024 1634 3086 perfecte
1656 3020 1973 3084 intelligendo
1989 3019 2278 3070 relationem
2295 3024 2410 3082 post

383 3106 615 3170 sibilium,
638 3105 854 3168 perfecte
874 3103 1027 3153 etiam
1046 3098 1261 3162 seipsum
1280 3108 1573 3160 cognoscere
1589 3094 1757 3156 debet,
1781 3091 1999 3154 adeoque
2019 3092 2224 3142 scientia
2241 3091 2334 3141 Dei
2352 3095 2409 3142 et

383 3178 437 3228 in
456 3191 544 3227 suo
559 3176 751 3238 objecto
772 3178 823 3225 et
840 3175 895 3223 in
924 3173 1074 3224 modo
1096 3167 1388 3233 cognitionis
1408 3168 1579 3216 manet
1598 3164 1813 3228 infinite,
1833 3162 1923 3214 etsi
1945 3162 2212 3226 possibilia,
2229 3166 2407 3225 quate-

384 3263 480 3299 nus
513 3248 566 3297 in
594 3244 1061 3311 cognoscibibilitate
1099 3241 1192 3292 sua
1226 3239 1473 3301 distincta,
1511 3237 1739 3287 dicentur
1781 3248 1992 3286 numero
2040 3233 2213 3293 finite.
2237 3234 2410 3285 Mane·

382 3321 535 3372 etiam
554 3320 689 3368 salva
720 3315 1096 3378 omnipotentie,
1116 3310 1363 3374 siquidem
1382 3308 1630 3373 possibilie.
1648 3306 1833 3371 quaevis
1846 3305 2191 3357 individuetim
2208 3307 2409 3368 sumptu

388 3403 646 3454 nunquam
670 3389 817 3439 toties
844 3384 1005 3437 creari
1021 3386 1247 3448 possunt,
1265 3384 1325 3432 ut
1343 3382 1476 3432 ultre
1492 3379 1650 3430 creari
1671 3391 1770 3442 pon
1791 3377 2012 3442 possint;
2036 3390 2155 3441 ergo
2178 3376 2407 3439 omnipo-

387 3462 543 3512 tentia
561 3473 755 3523 semper
775 3458 989 3509 haberet
1008 3454 1257 3519 possibilia
1272 3487 1290 3516 ,
1325 3453 1380 3502 in
1395 3465 1506 3514 qum
1525 3464 1628 3501 sese
1643 3452 1867 3500 exereret
1880 3485 1896 3514 ,
1919 3449 1962 3498 si
1987 3463 2090 3499 non
2109 3449 2162 3497 in
2184 3449 2408 3509 diversa,

386 3532 560 3582 saltem
581 3530 635 3580 in
657 3528 833 3580 eedem
865 3527 1052 3591 pluries
1088 3525 1318 3577 creanda.
1358 3524 1465 3573 Imo
1492 3521 1851 3585 omnipotentio
1875 3519 2071 3570 infinit-‘i
2104 3533 2224 3582 opus
2245 3525 2319 3570 est
2352 3518 2410 3570 in

388 3603 604 3652 creando
624 3600 797 3664 quovis
822 3601 903 3650 vel
918 3598 1130 3648 minimo
1150 3600 1265 3647 ente
1277 3595 1423 3658 juxta
1443 3593 1672 3644 omnium
1701 3592 1802 3642 rere
1821 3591 2232 3654 Philosophorum
2258 3590 2409 3654 placi-

388 3676 532 3737 tumg
561 3685 679 3736 ergo
700 3671 851 3734 ipsius
868 3669 1134 3719 infinitudo
1166 3681 1270 3718 non
1291 3678 1351 3716 ex
1370 3665 1568 3714 infinito
1587 3676 1798 3714 numero
1819 3662 2124 3726 possibilium
2145 3661 2411 3713 desumen-

389 3742 457 3793 da
477 3745 571 3794 est.
593 3741 648 3792 Id
669 3742 770 3792 imo
789 3740 990 3791 aliunde
1013 3738 1284 3790 absurdum
1306 3749 1410 3787 esse
1428 3735 1628 3786 videtur
1651 3749 1666 3784 ι
1693 3748 1809 3784 nam
1824 3733 1966 3796 juxta
1984 3733 2303 3798 philosophos
2324 3734 2414 3782 ob·
2504 3742 2505 3745 ’

387 3813 579 3876 jectum
601 3813 859 3862 creationis
880 3810 1137 3864 inlinitum
1165 3824 1254 3860 sen
1272 3822 1365 3859 ens
1380 3807 1592 3859 creabile
1613 3807 1865 3858 infinitum
1887 3810 1960 3858 est
1982 3807 2296 3871 impossibile3
2323 3803 2412 3855 sed

394 3883 643 3947 possibilia
665 3883 859 3933 infinita
885 3897 975 3946 per
995 3883 1202 3934 modum
1231 3880 1380 3932 unius
1401 3879 1707 3930 considerata
1733 3883 1894 3930 essent
1914 3877 2162 3942 objectum
2198 3875 2411 3930 creabile

393 3956 683 4065 infinitum?
706 3969 826 4061 ergo,
841 3954 1089 4022 possibilia
1109 3956 1366 4021 nequeunt
1381 3951 1480 4003 dici
1493 3965 1711 4030 pumero
1730 3951 1944 4008 infinita.
2000 4027 2012 4044 ⁷„
