2988 4832
1150 487 1179 545 1
1192 481 1223 544 7
1232 488 1273 544 ό

229 590 282 662 ei
308 583 566 664 anhexae
600 592 897 685 subjectae
913 590 1077 685 {suut
1102 645 1119 673 ,
1156 592 1270 665 etsi
1291 589 1659 667 immediate
1683 597 1747 664 et
1771 592 2056 690 explicite
2094 615 2238 670 eam

229 700 356 770 vim
383 722 513 770 non
537 700 851 794 applicem
866 702 1018 771 rotis
1038 752 1055 781 ,
1092 702 1177 770 ita
1199 701 1266 770 vi
1295 705 1359 771 et
1384 702 1682 772 efficaciae
1704 704 2049 774 voluntatis
2073 728 2141 775 v.
2169 731 2236 796 g.

229 808 520 891 movendi
535 809 767 900 pedem
789 809 1052 899 subjecti
1069 813 1219 878 sunt
1239 809 1432 883 etiam
1454 812 1637 879 nervi
1660 814 1723 878 et
1739 808 2017 879 musculi
2037 812 2236 902 pedis·

235 916 341 985 etsi
362 917 654 986 voluntas
680 919 753 986 in
776 939 1006 988 nervos
1038 923 1103 986 et
1140 919 1466 989 musculos
1487 918 1773 1011 explicite
1796 924 1859 988 et
1879 917 2243 988 immediate

230 1046 356 1095 non
377 1023 630 1104 tendat,
672 1024 955 1115 adeoque
975 1044 1101 1095 nec
1129 1026 1421 1097 distincte
1443 1047 1553 1096 eos
1583 1032 1944 1117 cognoscat.
1986 1024 2084 1095 Ex
2116 1025 2245 1095 hoc

227 1151 517 1222 responso
542 1135 715 1222 patet
746 1137 1114 1225 exemplum
1136 1136 1473 1226 organistae
1491 1135 1602 1204 hic
1625 1128 1760 1203 uon
1793 1134 2132 1225 quadrare.

304 1258 463 1325 Imt.
497 1256 565 1325 3⁰
598 1255 670 1327 Si
688 1257 980 1328 efficaciae
997 1261 1341 1331 voluntatis
1370 1261 1654 1352 subjecta
1690 1261 1817 1329 sint
1841 1262 2062 1332 omnia
2086 1283 2246 1332 cum

229 1363 462 1457 objecto
504 1365 844 1436 voluntatis
891 1386 1229 1447 connexa,
1277 1369 1421 1438 haee
1462 1390 1802 1459 nunquam
1844 1369 2071 1440 effectu
2129 1391 2248 1437 suo

228 1472 664 1543 frustraretur.
692 1476 867 1564 atqui
897 1497 1060 1566 saepe
1074 1482 1294 1544 tamen
1324 1474 1553 1546 effectu
1579 1497 1695 1544 suo
1730 1477 2095 1545 frustratur.
2134 1476 2246 1545 Sic

225 1598 287 1646 r.
308 1600 377 1670 g.
398 1598 598 1649 nervo
619 1580 832 1671 aliquo
860 1582 1189 1652 vulnerato
1217 1587 1330 1652 aut
1350 1584 1521 1651 male
1538 1582 1791 1661 affecto,
1817 1583 2076 1665 anima,
2101 1580 2293 1694 uffit

143 1743 157 1769 Ι
227 1681 369 1752 velit
395 1707 657 1755 movere
683 1686 958 1779 pedem,
993 1711 1128 1769 non
1156 1694 1412 1787 potest3
1456 1710 1614 1780 ergo
1635 1688 1938 1759 efficaciae
1964 1692 2103 1781 ejus
2125 1713 2247 1759 vo·

225 1789 477 1862 luntatis
504 1812 639 1864 non
666 1796 886 1865 omnia
908 1801 1061 1867 sunt
1077 1797 1405 1891 subjecta,
1445 1818 1594 1892 quae
1629 1817 1784 1867 cum
1830 1796 2079 1888 objecto
2110 1817 2240 1868 vo·-

225 1897 481 1970 luntatis
511 1923 796 1974 connexa
814 1908 998 1974 sunt.

305 2031 384 2119 R.
421 2037 506 2110 D.
530 2036 697 2128 Maj.
735 2038 1054 2111 Voluntas
1074 2058 1416 2134 nunquam
1439 2041 1667 2113 effectu
1696 2064 1812 2111 suo
1842 2044 2245 2113 frustraretur

223 2141 287 2209 in
308 2142 408 2222 iis,
442 2143 525 2213 ad
557 2167 704 2237 quae
747 2168 817 2218 se
858 2149 1200 2240 exporrigit
1226 2151 1363 2240 ejus
1386 2151 1686 2227 efficacia,
1743 2152 1815 2217 C.
1846 2152 2010 2237 Maj.
2066 2148 2143 2219 In
2172 2150 2247 2220 iis
2286 2226 2291 2229 ,

223 2248 436 2330 etiam,
464 2273 609 2343 quae
629 2256 766 2344 ejus
797 2254 1148 2325 efficaciam
1172 2253 1459 2325 absolute
1488 2259 1813 2346 superant,
1860 2257 1951 2325 N.
1982 2258 2151 2345 Μαί.
2184 2261 2246 2328 et

221 2357 305 2429 D.
336 2361 579 2452 pariter
603 2365 771 2436 Min.
802 2364 891 2434 N.
937 2366 1120 2434 Cons.
1158 2360 1431 2455 Nempe,
1480 2363 1578 2433 uti
1613 2379 1841 2433 omnes
1882 2361 2119 2434 animm:
2147 2365 2262 2434 sa-

223 2467 509 2551 cultates,
545 2472 632 2541 ita
652 2473 845 2542 etiam
869 2473 1151 2542 efficacia
1173 2474 1311 2565 ejus
1336 2472 1677 2543 voluntatis
1692 2485 1697 2486 ’
1710 2473 1890 2542 finita
1911 2526 1929 2554 ,
1963 2474 2246 2564 adeoque

225 2601 357 2653 non
377 2580 685 2674 omnibus
704 2581 1042 2653 obstaculis
1079 2582 1367 2675 superior
1395 2587 1516 2652 est.
1554 2579 1776 2674 Itaque
1816 2581 2246 2676 quemadmo-

228 2690 381 2761 dum
406 2690 508 2760 vis
546 2688 842 2781 quaedam
870 2689 1102 2759 motrix
1128 2710 1396 2758 currum
1424 2710 1684 2759 movere
1725 2711 1860 2758 non
1892 2690 2152 2783 poterit,
2195 2691 2245 2759 si

229 2821 462 2874 omnes
483 2804 753 2890 quatuor
771 2802 926 2867 rotae
950 2798 1077 2867 sint
1095 2797 1481 2889 interceptae,
1509 2797 1633 2866 nisi
1663 2802 1840 2866 tanta
1865 2799 1965 2879 sit,
1995 2805 2069 2869 ut
2096 2822 2172 2870 cu
2180 2824 2246 2868 r-

225 2933 374 2981 rum
402 2908 599 2978 etiam
620 2928 739 3000 per
767 2904 1039 2975 modum
1077 2904 1275 2974 trahae
1304 2904 1557 2973 trahere
1582 2909 1772 2994 queat
1791 2954 1810 2983 ,
1842 2906 1930 2973 ita
1970 2907 2241 2978 efficacia

226 3016 569 3089 voluntatis
599 3014 813 3109 pedes,
841 3013 1054 3082 nervis
1077 3035 1145 3081 v.
1181 3036 1248 3104 g.
1286 3013 1557 3103 fatigatis
1588 3062 1607 3091 ,
1666 3032 1928 3082 movere
1960 3033 2099 3082 non
2135 3037 2242 3107 po-

229 3129 368 3199 terit
394 3144 440 3210 ,·‘
465 3125 595 3197 nisi
626 3122 991 3194 lassitudine
1005 3136 1013 3140 ’
1026 3120 1314 3211 superior
1342 3118 1589 3189 evadat.
1626 3116 1723 3189 Sit
1769 3141 1837 3191 v.
1889 3143 1958 3213 g.
2011 3120 2119 3190 fur
2172 3139 2247 3190 ex

229 3236 386 3328 fuga
411 3232 754 3304 satellitum
784 3228 1300 3324 persequentium
1346 3228 1432 3297 ita
1460 3227 1753 3318 fatigatus
1779 3280 1795 3307 ,
1849 3233 1922 3297 ut
1948 3234 2203 3298 corruat
2225 3257 2243 3310 ;
2270 3251 2275 3256 ·

229 3361 363 3410 non
389 3340 501 3409 hic
523 3339 804 3429 quidem,
853 3335 1162 3429 quamdiu
1189 3335 1468 3405 efficacia
1485 3335 1826 3405 voluntatis
1853 3334 2074 3405 eadem
2104 3357 2246 3404 ma-

229 3454 361 3527 net,
399 3469 623 3517 rursus
649 3450 905 3514 curret:
932 3451 1027 3514 ast
1049 3449 1232 3512 aucta
1254 3466 1320 3513 v.
1348 3466 1416 3535 g.
1449 3443 1597 3514 visis
1615 3441 2005 3524 satellitibus,
2031 3442 2245 3513 effica-

229 3555 330 3623 cia
347 3553 695 3627 voluntatis
724 3553 1089 3622 lassitudine
1104 3554 1244 3642 jam
1277 3552 1564 3642 superior
1590 3551 1832 3628 evadet,
1865 3555 1927 3619 et
1946 3551 2054 3620 sur
2080 3572 2249 3621 novo

228 3659 481 3752 impetu
504 3682 571 3729 se
590 3661 909 3753 proripiet,
946 3682 1080 3729 non
1100 3681 1167 3727 se
1188 3665 1601 3752 prorepturus
1614 3710 1634 3738 ,
1657 3659 1712 3727 si
1739 3678 1926 3726 crura
1938 3658 2242 3749 fregisset,

231 3767 388 3860 quia
405 3757 490 3837 eo
508 3789 710 3861 usque
733 3767 1010 3838 efficacia
1040 3766 1379 3841 voluntatis
1406 3767 1628 3858 nequit
1650 3787 1715 3836 se
1743 3764 2104 3840 extendere.
2132 3764 2246 3838 Si-

233 3874 419 3951 milia
442 3876 727 3969 exempla
751 3876 942 3950 finitae
972 3873 1228 3968 quidem
1244 3929 1260 3958 ,
1315 3874 1437 3951 sed*
1448 3881 1666 3952 tamen
1697 3873 1952 3967 majoris
1974 3923 1991 3958 .
2047 3897 2245 3970 quam*
