2988 4832
1352 385 1447 459 59

488 507 594 579 24.
639 502 887 579 PROP.
939 502 1020 583 11.
1066 501 1325 579 Munus
1379 523 1512 576 isra·
1540 521 1805 577 murus
1844 521 1952 575 κεί·
1990 518 2100 586 m,
2138 517 2248 576 stu
2279 517 2401 579 emt

394 633 680 685 remmus
714 611 828 705 (1)

484 766 676 835 Proh.
708 764 774 833 1·
801 766 918 833 Ex
943 774 1084 856 apsa
1103 765 1244 835 idea
1262 766 1613 837 creationis.

484 894 546 989 a)
583 895 769 979 Quod
789 900 1074 965 creatum
1097 900 1229 973 est,
1270 902 1365 964 est
1395 896 1636 967 factum
1660 919 1685 967 .·
1724 895 1901 989 atqui
1940 896 2021 966 de
2058 891 2240 967 omni
2280 916 2353 966 re
2377 932 2398 975 ὁ

400 1026 548 1097 quoe
573 1005 739 1074 faeta
761 1008 854 1071 est
879 1055 896 1082 ‚
922 1004 1126 1096 potuit
1144 1001 1343 1071 semel
1362 1000 1489 1073 dici
1512 1028 1536 1072 .-
1558 1011 1722 1072 ,ωηο
1742 1008 1817 1094 fit
1839 1029 1866 1086 ,-
1886 1026 2039 1096 ergo
2058 1003 2139 1073 de
2158 1004 2405 1074 mundo

395 1112 515 1181 isto
542 1110 670 1180 hoe
706 1109 844 1201 ipso
861 1159 881 1187 ,
935 1111 1107 1199 quod
1137 1115 1384 1178 creatus
1416 1116 1548 1191 est,
1582 1113 1788 1203 potuit
1805 1112 2004 1181 semel
2028 1111 2153 1181 diei
2193 1136 2211 1178 z
2244 1132 2407 1180 nune

395 1222 496 1310 fit.
523 1216 722 1308 Atqui
743 1215 809 1285 id
833 1267 851 1295 ‚
897 1214 977 1285 de
1005 1236 1134 1306 quo
1162 1214 1289 1286 dici
1306 1221 1509 1309 potest
1553 1242 1573 1289 ε
1606 1239 1770 1288 nuno
1789 1221 1869 1310 fit
1887 1271 1905 1299 ‚
1938 1236 2075 1288 non
2097 1222 2190 1288 est
2211 1223 2406 1288 aeter-

396 1344 602 1407 num3
633 1326 713 1415 fit
743 1323 921 1393 enlm
942 1324 1179 1392 indicat
1209 1328 1465 1416 tempus
1488 1345 1770 1417 praesens
1797 1322 2139 1397 excludens
2167 1329 2408 1418 praete-

396 1434 591 1504 ritum
611 1460 629 1512 ς
655 1452 809 1525 ergo
832 1430 1116 1502 mundus
1133 1431 1259 1501 hoo
1277 1433 1416 1524 ipso
1434 1483 1451 1512 ,
1474 1432 1649 1524 quod
1671 1439 1918 1504 oreatus
1938 1437 2032 1504 est
2050 1484 2069 1516 ,
2099 1440 2194 1503 est
2214 1454 2404 1505 crea-

396 1547 499 1611 tus
531 1543 605 1608 in'
631 1561 746 1611 seu
769 1562 905 1608 oum
933 1543 1220 1631 tempore
1236 1588 1258 1622 ,
1290 1541 1339 1609 i.
1366 1559 1429 1608 e.
1456 1542 1531 1607 in
1554 1545 1842 1632 tempore
1865 1540 2143 1632 possibili
2167 1545 2232 1610 et
2268 1562 2408 1609 m

398 1655 678 1740 tempore
692 1648 948 1725 actuali,
973 1645 1290 1737 siquidem
1309 1646 1438 1717 hoo
1458 1666 1612 1718 cum
1631 1646 1880 1719 mundo
1899 1649 2162 1741 eJusque
2191 1654 2404 1721 aetua-

396 1752 560 1826 libus
591 1753 1089 1825 successionibus
1112 1753 1403 1847 inoepit.‚
1962 1836 1968 1848 ,

483 1884 540 1978 b)
579 1884 765 1969 Quod
785 1891 1070 1956 creatum
1089 1892 1184 1955 est
1206 1937 1226 1965 ,
1261 1891 1355 1955 est
1375 1891 1698 1956 aetuatum
1721 1907 1800 1956 ex
1818 1884 2022 1958 nihilo
2054 1887 2153 1956 sui
2172 1889 2238 1958 et
2257 1885 2407 1957 sub-

392 1994 584 2084 jecti3
628 2013 784 2086 ergo
804 1990 1146 2085 aliquando
1166 1993 1330 2061 nihil
1360 1993 1482 2063 fuit
1519 2015 1633 2063 seu
1672 1992 1934 2084 physice
1964 2016 2100 2064 non
2121 1995 2395 2064 exstitit:

398 2103 570 2194 atqui
595 2100 770 2194 quod
801 2101 995 2170 semel
1020 2100 1185 2170 nihil
1206 2100 1324 2169 suit
1350 2153 1366 2179 ,
1412 2106 1476 2169 et
1516 2121 1696 2170 nune
1729 2106 1824 2171 est
1842 2149 1863 2179 ,
1906 2100 2129 2170 habuit
2151 2101 2403 2170 initium

396 2207 694 2279 existendi
731 2235 750 2289 ς
802 2206 1081 2277 initium‘
1108 2208 1413 2277 existendi
1462 2229 1615 2277 vero
1655 2214 1970 2300 repugnat
2016 2210 2348 2279 aeternitati
2380 2236 2397 2277 z

384 2304 704 2387 ‘aeternum
721 2315 899 2384 enim
917 2320 1011 2385 est
1030 2316 1378 2385 necessario
1397 2315 1534 2384 sine
1553 2314 1767 2395 initio;
1800 2336 1955 2406 ergo
1978 2315 2262 2384 mundus
2282 2316 2400 2384 iste

397 2424 517 2493 hoc
545 2424 679 2517 ipso
703 2474 723 2504 ‚
761 2422 937 2516 quod
969 2429 1216 2495 creatus
1238 2429 1331 2493 est
1352 2475 1372 2503 ,
1410 2428 1505 2494 est
1531 2426 1778 2494 creatus
1812 2424 1885 2494 in
1910 2444 2026 2494 seu
2059 2445 2213 2495 cum
2232 2429 2401 2498 tem-

404 2551 571 2618 pore.

480 2662 670 2732 Prob.
721 2661 791 2732 2⁶
828 2664 944 2731 Eoe
996 2662 1481 2755 impossibilitate
1523 2673 1582 2731 et
1620 2664 1956 2733 intrinseca
1996 2667 2404 2755 repuqnantia

398 2772 821 2839 successionum
854 2771 931 2839 ab
961 2782 1209 2840 oeterno.
1257 2768 1428 2840 Nam
1472 2772 1531 2841 si
1571 2772 1799 2843 creatio
1846 2771 1929 2842 ab
1962 2776 2199 2842 aeterno
2243 2779 2403 2843 esset

396 2876 698 2965 possibilis
725 2927 743 2955 ,
783 2873 1093 2968 possibilis
1117 2882 1279 2946 esset
1305 2879 1497 2946 series
1519 2880 2398 2976 successionumseuatempus

397 2986 635 3059 actuale
667 2988 805 3056 sine
831 2985 1009 3055 initio
1046 3010 1065 3055 t
1101 2987 1278 3078 atqui
1302 2986 1430 3056 hoc
1454 2994 1797 3079 repugnat.
1835 2985 2095 3055 Etenim

456 3191 528 3261 (1)
558 3191 678 3247 Hoc
693 3192 961 3258 propositio
979 3196 1054 3246 est
1067 3193 1217 3247 simul
1230 3193 1383 3247 etiam
1394 3192 1622 3260 ‘rigorosa
1640 3194 1863 3260 probatio
1906 3195 2076 3246 contra
2104 3192 2403 3247 ratalismum

397 3266 741 3318 casualismum
758 3270 812 3318 et
827 3267 1230 3332 pantheismum3
1252 3267 1527 3332 praesertim
1554 3269 1718 3331 quoad
1737 3267 2114 3330 repugnantiam
2139 3265 2401 3317 successio-

398 3351 519 3390 num
541 3341 593 3389 et
611 3338 946 3389 mutationum
964 3338 1028 3388 ab
1049 3341 1257 3390 aeterno.
1275 3337 1329 3388 Si
1348 3338 1484 3389 enim
1506 3341 1766 3401 repugnat,
1787 3339 1897 3388 dari
1915 3341 2122 3387 {eternas
2138 3336 2402 3387 successio-

395 3422 502 3474 nes,
519 3409 818 3474 repugnabit
835 3409 1004 3471 etiam,
1040 3409 1288 3459 mundum
1321 3410 1387 3460 ab
1416 3413 1602 3461 aeterno
1643 3410 1788 3459 tuisse
1807 3409 1863 3459 in
1881 3412 2022 3459 motu
2043 3422 2059 3473 3
2085 3411 2249 3459 motus
2266 3410 2404 3460 enim

394 3483 716 3533 successiones
733 3480 969 3543 involvit3
993 3480 1078 3530 sed
1098 3481 1205 3530 sine
1237 3484 1380 3531 motu
1409 3482 1629 3533 materiae
1653 3484 1705 3531 et
1725 3481 1926 3544 quidem
1947 3483 2133 3530 aeterno
2153 3479 2256 3530 ruit
2276 3480 2401 3529 sata-

396 3550 565 3604 lismus
577 3555 629 3605 et
643 3552 960 3604 casualismus
977 3566 994 3613 3
1015 3564 1218 3615 ergo-n,
1240 3552 1553 3617 Repugnabit
1571 3554 1771 3617 insuper
1786 3552 2030 3602 mundum
2048 3552 2320 3603 necessario
2337 3566 2402 3603 ex

397 3624 499 3677 Deo
517 3638 771 3680 emanasse
804 3624 908 3675 sive
938 3626 1250 3675 transeunter
1267 3626 1369 3677 sive
1393 3627 1758 3688 immanentem
1792 3624 1910 3687 quia
1928 3624 1998 3673 sic
2018 3637 2213 3688 semper
2230 3626 2311 3676 vel
2343 3625 2399 3674 in

396 3695 500 3756 ipso
520 3696 713 3746 mundo
735 3694 935 3746 realiter
953 3693 1213 3755 existente,
1238 3696 1314 3742 vel
1333 3697 1508 3746 saltem
1528 3698 1581 3745 in
1603 3693 1959 3746 evolationibus
1986 3694 2193 3746 internis
2211 3699 2261 3745 et
2284 3710 2394 3744 suc·

400 3766 585 3817 cessivis
603 3766 782 3817 divinae
802 3765 1085 3816 substantias
1120 3764 1342 3816 infinitus
1363 3780 1601 3817 numerus
1621 3764 1953 3823 mutationum
1971 3770 2023 3825 et
2040 3767 2400 3824 successionum

400 3834 558 3895 locum
580 3837 846 3900 habuisset.
873 3836 1002 3895 Brea
1032 3832 1133 3896 ruit
1148 3837 1300 3897 etiam
1319 3838 1673 3913 panthesmus.
