2988 4832
663 578 1000 660 sanctitatis
1028 573 1172 675 ’11111
1222 520 1607 657 1101101110Ηο
1631 469 1830 657 {gani
1875 575 2155 677 gloriam
2196 573 2674 682 extrinsecam

659 711 816 785 ergo
841 691 982 763 11ωο
1009 698 1104 764 est
1129 690 1278 765 finis
1309 688 1544 764 mundi
1573 709 1689 764 seu
1725 690 1971 786 operis:

679 872 684 877 ·
757 840 832 914 2⁰
871 835 1053 915 Finis
1072 886 1091 923 ‚
1137 865 1336 935 quem
1378 862 1653 936 operans
1687 841 1867 934 operi
1905 859 2021 912 suo
2073 834 2402 935 praestituit
2424 887 2451 922 ,
2494 837 2682 911 dehet

669 969 808 1043 esse
839 947 923 1044 a)
947 953 1272 1043 operante
1314 950 1553 1043 dignus
1600 953 1668 1021 et
1705 947 1784 1042 b)
1826 952 2074 1021 naturae
2125 953 2191 1018 et
2249 947 2682 1021 constitutioni

655 1056 865 1148 operis
903 1056 1287 1150 respondere
1320 1082 1341 1128 z
1378 1055 1561 1150 atqui
1588 1055 1672 1150 a)
1710 1054 1847 1129 Deo
1872 1108 1893 1136 ,
1940 1059 2159 1149 utpote
2208 1054 2342 1127 enti
2370 1052 2625 1127 infinito
2650 1058 2675 1138 ,'

540 1165 553 1180 ⁶
655 1164 823 1236 nihil
860 1164 1025 1235 finiti
1066 1171 1161 1235 est
1198 1163 1512 1256 dignum;
1558 1187 1713 1258 ergo
1757 1185 1911 1234 cum
1949 1170 2182 1255 praeter
2215 1158 2431 1234 Deum
2453 1162 2676 1236 omnia

656 1272 1011 1343 necessario
1037 1271 1216 1341 finita
1242 1273 1399 1353 sint,
1430 1269 1596 1341 nihil
1621 1273 1853 1364 proetcr
1877 1270 2094 1363 ipsum
2118 1268 2334 1340 Deum
2363 1274 2675 1362 tanquam

654 1378 804 1449 finis
823 1379 1069 1450 mundo
1088 1379 1395 1473 praestitui
1416 1379 1645 1474 potuit.
1670 1377 1840 1450 Cum
1863 1398 2018 1449 vero
2042 1376 2189 1448 finis
2209 1373 2459 1447 mundo
2481 1398 2676 1447 cons-

650 1487 973 1559 tituendus
995 1508 1130 1559 non
1156 1488 1349 1580 possit
1376 1508 1511 1558 esse
1533 1484 1775 1579 aliquid
1797 1485 1935 1557 Deo
1957 1483 2379 1557 intrinsecum
2396 1539 2427 1568 ,,
2453 1508 2541 1557 ne
2564 1491 2677 1557 aut

621 1593 899 1665 -mundo
940 1594 1411 1666 non-existente
1438 1592 1680 1687 aliquid
1709 1592 2069 1665 intrinsecae
2094 1594 2495 1687 perfectionis
2534 1595 2674 1666 Deo

650 1701 983 1783 defuisset.
1018 1710 1130 1773 aut
1151 1725 1228 1773 eo
1255 1704 1558 1776 existente
1579 1701 1822 1796 aliquid
1846 1702 2270 1774 intrinsecum
2298 1701 2436 1774 Deo
2464 1724 2675 1777 acces-

649 1809 865 1888 sisset,
912 1808 1260 1880 extrinseca
1286 1810 1499 1881 solum
1545 1810 1749 1902 gloria
1784 1808 1906 1881 Dei
1947 1831 2062 1882 seu
2101 1808 2470 1881 divinarum
2513 1803 2676 1903 per-4

647 1917 987 1988 sectionem
1004 1918 1421 1989 manifestatio
1442 1917 1590 2011 finis
1629 1916 1838 2014 operis
1880 1938 2016 1989 esse
2051 1917 2280 2011 potuit.
2298 1916 2376 2010 b)
2410 1914 2474 1988 N
2472 1922 2673 1989 aturae

649 2031 714 2095 et
753 2027 1180 2105 constitutioni
1223 2024 1456 2098 mundi
1504 2003 1681 2097 idem
1740 2024 1889 2096 finis
1945 2025 2224 2118 perfecte
2291 2024 2666 2118 respondet.

650 2131 823 2203 Ordo
865 2134 1043 2204 enim
1080 2135 1309 2204 mundi
1342 2135 1693 2228 legumque
1725 2134 2080 2205 constantia
2116 2131 2490 2226 sapientiam
2512 2155 2672 2202 con-

646 2241 864 2311 ditoris
878 2292 897 2321 ,
931 2241 1196 2312 varietas
1213 2264 1439 2313 rerum
1462 2262 1817 2334 earumque
1840 2238 2309 2334 perfectionum
2332 2293 2350 2321 ,
2387 2263 2668 2334 quarum

648 2347 877 2440 aliqum
908 2348 1120 2420 solum
1151 2371 1268 2419 esse
1288 2400 1306 2429 ,
1348 2350 1490 2420 aliae
1515 2373 1632 2420 esse
1657 2357 1723 2420 et
1747 2350 1969 2429 vivere,
2013 2353 2256 2420 caeterae
2283 2371 2402 2418 esse
2419 2400 2437 2429 ,
2469 2348 2671 2418 vivere

647 2463 712 2526 et
752 2460 973 2526 sentire
994 2508 1016 2538 .
1062 2457 1325 2548 reliquae
1355 2458 1617 2549 insuper
1644 2463 1710 2527 et
1737 2457 2080 2545 intelliyerc
2109 2454 2442 2537 habendo,
2494 2458 2666 2527 miro

646 2587 906 2660 prorsus
933 2566 1126 2636 modo
1154 2589 1308 2636 cum
1335 2567 1617 2637 invicem
1644 2567 2049 2657 conspirant,
2101 2564 2421 2657 sapientiae
2438 2618 2457 2645 ‚
2498 2566 2668 2657 pul-

647 2673 1021 2744 chritudinis
1047 2680 1111 2744 et
1142 2674 1436 2745 bonitatis
1463 2675 1696 2744 divinae
1712 2727 1729 2754 ‚
1758 2696 2036 2764 quarum
2059 2681 2208 2760 sunt
2237 2682 2667 2766 reprensenta-

646 2782 833 2851 trices
870 2782 1048 2872 quasi
1098 2782 1409 2873 imagines
1434 2835 1453 2865 ,
1503 2783 1917 2852 manifestum
1956 2781 2421 2852 documentum
2468 2782 2664 2856 exhi-

644 2886 841 2968 hent3
873 2910 1028 2979 ergo
1049 2889 1196 2958 finis
1222 2889 1453 2960 mundi
1481 2895 1575 2960 est
1602 2891 1805 2982 gloria
1834 2888 1955 2958 Dei
1982 2888 2357 2960 extrinseca.

729 3035 851 3105 Ast
888 3055 1041 3116 cum
1066 3037 1482 3128 perfectiones
1526 3035 1648 3106 Dei
1689 3037 1835 3131 sint,
1860 3035 2127 3104 infinitae
2145 3085 2163 3114 ‚
2213 3056 2350 3105 non
2390 3040 2660 3126 possunt

646 3141 971 3236 adaequate
994 3145 1384 3216 manifestari
1401 3151 1466 3215 et
1492 3145 1791 3237 cognosci
1804 3143 1887 3213 ab
1904 3142 2156 3213 entibus
2173 3143 2397 3213 creatis
2418 3149 2481 3213 et
2501 3144 2661 3216 hinc

649 3252 998 3322 necessario
1021 3251 1253 3334 11111115ς
1292 3275 1447 3344 ergo
1477 3253 1625 3321 finis
1650 3252 1879 3325 mundi
1907 3245 2001 3326 est
2026 3251 2231 3346 gloria
2257 3250 2378 3326 Dei
2405 3253 2658 3341 extrinff

646 3384 790 3432 seca
829 3364 904 3430 in
930 3361 1327 3431 determinato
1356 3363 1586 3450 qradu.
1642 3393 1648 3398 ·

732 3519 903 3590 OBJ.
948 3518 1020 3590 Si
1064 3519 1237 3591 Deus
1264 3524 1525 3614 propter
1564 3519 1835 3612 gloriam
1878 3539 2066 3591 suam
2100 3518 2320 3590 omnia
2363 3517 2644 3597 creavit,

648 3627 754 3697 vel
789 3626 1158 3699 ambitiosus
1203 3633 1340 3707 est,
1402 3625 1509 3695 vel
1566 3623 1914 3720 supcibuS.
1965 3625 2072 3703 vel
2116 3624 2374 3777 proprio
2428 3643 2650 3699 amore

648 3734 1523 3832 ducitur3ergom.1tafere
1551 3734 1670 3806 voi
1678 3736 1894 3807 tanus-

736 3880 815 3952 R.
851 3885 935 3952 N.
985 3886 1134 3955 Ant.
1178 3891 1241 3954 et
1271 3884 1451 3955 Com.
1501 3881 1674 3952 Deus
1701 3882 1878 3954 enim
1898 3880 2132 3957 creavit
2152 3882 2368 3955 omnia
2387 3882 2470 3954 ad
2494 3881 2645 3975 glo-
