2988 4832
483 648 702 701 menta
731 635 989 706 assumit
1015 641 1126 706 aut
1153 656 1473 707 assumere
1503 642 1747 731 potest,
1778 630 1888 707 sed
1917 635 2335 709 successiones
2366 651 2477 709 ex:-

477 740 763 812 triusecae
795 744 933 813 aliae
955 744 1109 814 alias
1138 743 1619 837 subsequuntur
1633 783 1661 824 5
1695 761 1807 813 eas
1840 736 2149 815 efficiente
2179 745 2328 816 actu
2370 740 2479 815 di-

476 850 633 919 vino
662 852 911 922 infinito
951 857 1014 921 et
1040 853 1446 934 immutabili,
1483 854 1589 922 cui
1618 873 1735 945 per
1767 873 1872 922 eas
1901 859 2128 944 praeter
2168 847 2477 923 extrinse-

477 978 619 1026 cam
645 960 1020 1030 relationem
1044 953 1210 1030 nihil
1241 955 1503 1030 accedit.
1537 952 1620 1028 Et
1651 980 1802 1030 vero
1821 951 2054 1029 diutius
2079 959 2337 1028 existere
2359 978 2476 1051 pro

475 1072 621 1135 ente
669 1067 1058 1158 intelligente
1107 1075 1200 1138 est
1236 1069 1467 1140 diutius
1510 1069 1722 1137 vivere
1763 1067 1875 1136 seu
1901 1068 2044 1136 vitae
2085 1067 2477 1137 incrementa

476 1191 794 1242 assumere
825 1175 1102 1266 adeoque
1131 1169 1346 1267 plures
1376 1184 1439 1244 et
1483 1193 1684 1244 novos
1712 1169 2016 1246 continuo
2046 1178 2223 1243 actus
2257 1171 2476 1244 vitales

474 1275 846 1372 cognitionis
868 1288 928 1350 et
951 1278 1268 1351 volitionis
1286 1277 1509 1351 elicere
1536 1312 1553 1365 ;
1585 1300 1736 1375 ergo
1755 1335 1771 1362 ‚
1801 1301 1952 1350 cum
1977 1277 2149 1350 Deus
2171 1298 2245 1349 ex
2268 1297 2477 1351 essen-

474 1387 559 1456 tia
583 1389 699 1457 sua
735 1382 813 1458 ad
850 1388 1241 1479 adaequatam
1273 1390 1515 1480 objecto
1554 1385 1981 1480 cognitionem
2013 1392 2075 1456 et
2108 1385 2473 1457 volitionem

474 1496 923 1579 determinatus
950 1492 1063 1575 sit,
1101 1498 1291 1565 etiam
1321 1519 1453 1564 non
1482 1499 1681 1586 potest
1701 1493 1931 1563 diutius
1958 1491 2168 1565 vivere
2195 1491 2474 1587 adeoque

474 1625 591 1671 nec
646 1598 875 1674 diutius
921 1602 1178 1673 existere
1202 1654 1221 1683 ‚
1271 1602 1417 1694 quia
1473 1600 1681 1672 vivere
1714 1609 1776 1673 et
1817 1596 2074 1676 existere
2121 1601 2190 1674 in
2219 1595 2354 1677 Deo
2380 1602 2474 1698 est

471 1707 675 1798 idem„
736 1754 744 1760 «
2383 1721 2387 1726 ’

1200 1983 1545 2080 SEGTIO
1584 1988 1706 2081 ΙΙΙ.

908 2210 999 2265 DE
1048 2210 1443 2270 urmmms
1491 2216 1612 2271 Dm
1658 2208 2033 2270 amauvis.

559 2401 709 2474 138.
762 2404 1080 2475 Attributa
1136 2408 1256 2477 Dei
1304 2409 1566 2478 relativa
1619 2408 1919 2480 dicuntur
1960 2427 2036 2478 ea
2057 2455 2081 2487 ,
2130 2420 2275 2500 quae
2316 2407 2466 2477 sunt

467 2511 729 2602 quidem
752 2509 889 2583 Deo
931 2514 1213 2586 absolute
1237 2518 1508 2608 'propria
1532 2566 1553 2596 ,
1599 2513 1710 2587 sed
1752 2517 1824 2585 in
1864 2519 2173 2606 conceptu
2215 2538 2331 2586 suo
2357 2516 2464 2584 in-

468 2617 737 2688 cludunt
778 2621 1057 2713 aliquam
1085 2621 1456 2692 relationem
1484 2624 1647 2694 entis
1673 2624 1872 2701 divini
1899 2623 1982 2692 ad
2017 2621 2296 2715 aliquem
2324 2627 2464 2695 ter-

462 2724 741 2796 minum.
790 2727 989 2798 Porro
1011 2780 1028 2808 ‚
1075 2732 1128 2799 si
1158 2731 1466 2800 terminus
1493 2733 1607 2800 iste
1637 2733 1713 2800 sit
1745 2753 1861 2800 ens
1886 2733 2098 2823 ipsum
2127 2731 2414 2801 divinum
2435 2781 2453 2809 ‚

464 2834 759 2903 attributa
800 2837 1096 2906 dicuntur
1132 2840 1393 2905 relativa
1430 2841 1663 2905 interne
1691 2839 1795 2908 vel
1823 2841 1907 2904 ad
1944 2840 2117 2905 intra
2131 2864 2157 2918 ‚-
2194 2839 2290 2908 uti
2311 2843 2463 2909 sunt

463 2941 818 3012 intellectus
835 2994 855 3024 ‚
895 2930 1021 3035 quo
1076 2942 1249 3014 Deus
1289 2946 1566 3037 seipsum
1607 2945 1968 3036 cognoscit,
2011 2949 2075 3012 et
2117 2945 2410 3013 voluntas
2435 2997 2451 3024 ‚

462 3048 591 3141 qua
619 3052 896 3146 seipsum
925 3050 1095 3122 amat
1127 3073 1146 3122 t
1189 3052 1242 3122 si
1285 3052 1438 3122 ⁴*vero
1464 3053 1777 3122 terminus
1805 3051 1883 3119 sit
1922 3049 2057 3119 Deo
2080 3054 2458 3121 extrinsecus

461 3163 525 3225 et
543 3158 625 3226 ab
647 3161 782 3252 ipso
806 3161 1086 3230 diversus
1099 3214 1117 3241 ‚
1151 3161 1445 3229 attributa
1476 3162 1776 3229 dicuntur
1801 3161 2061 3226 relativa
2095 3166 2335 3243 eoeterm
2357 3159 2461 3229 vel

461 3267 548 3332 ad
581 3279 761 3343 extra
778 3293 805 3349 ,·
836 3270 932 3338 uti
967 3274 1116 3339 sunt
1139 3269 1496 3338 intellectus
1526 3265 1673 3347 Dei,
1715 3272 2025 3357 quatenus
2067 3267 2284 3334 omnia
2309 3288 2458 3360 pos-

461 3370 662 3444 sibilia
678 3427 699 3456 ,
743 3374 955 3446 futura
980 3376 1044 3448 et
1070 3366 1389 3473 existentia
1426 3374 1787 3468 cognoscit;
1835 3380 1898 3442 et
1944 3372 2236 3453 voluntas
2257 3424 2279 3454 .
2328 3375 2461 3467 qua

459 3476 651 3553 rebus
672 3482 891 3554 creatis
916 3478 1162 3555 bonum
1182 3482 1345 3556 vult.
1373 3476 1591 3576 Itaque
1619 3482 1965 3574 generatim
1991 3476 2116 3548 duo
2140 3477 2456 3576 praecipua

460 3596 611 3658 sunt
643 3593 936 3661 attributa
970 3591 1088 3661 Dei
1115 3594 1405 3678 relativa,
1443 3594 1871 3688 imilifflm'sst
1890 3591 2166 3683 volunt&
2187 3583 2338 3674 Dei,
2375 3586 2456 3663 de

462 3692 690 3791 quibus
716 3700 1017 3796 distinctis
1043 3697 1364 3789 Capitibus
