2988 4832
1272 530 1406 604 145

331 643 492 713 adeo
513 619 954 732 intellectum3
986 665 1139 737 ergo
1178 670 1296 720 ens
1341 647 1612 743 simplex
1655 647 1934 719 materiae
1967 653 2168 741 potest
2203 649 2343 720 fieri

328 752 679 841 spirituales

430 914 509 986 R.
535 917 623 987 N.
651 915 757 986 vel
777 918 862 988 D.
893 916 1048 989 Ant.
1073 917 1418 990 Substituta
1439 920 1563 991 alia
1585 922 1890 1002 essentia.
1917 919 2199 1013 adeoque
2221 915 2364 988 alio·

327 1030 484 1095 ente
502 1076 523 1106 ‚
569 1025 646 1093 C.
675 1027 832 1095 Ant.
878 1024 1072 1095 Secus
1093 1079 1111 1107 ,
1165 1030 1255 1097 N.
1305 1030 1458 1099 Ant.
1500 1027 1672 1098 Nam
1699 1031 1977 1101 activitas
2002 1030 2347 1099 intrinseca

325 1155 471 1202 non
495 1139 589 1202 est
615 1134 863 1214 modus,
894 1156 1046 1204 cum
1066 1156 1105 1203 a
1121 1135 1465 1206 substantia
1488 1134 1703 1207 abesse
1729 1142 2005 1229 nequeat
2036 1140 2341 1206 manente

324 1241 556 1311 eadem
587 1242 956 1323 substantia,
983 1242 1093 1312 sed
1117 1250 1210 1313 est
1236 1244 1610 1314 attributum
1638 1252 1701 1316 et
1720 1248 2004 1337 quidem,
2037 1249 2110 1314 ut
2134 1243 2347 1336 Capite

325 1352 623 1443 sequenti
647 1349 1046 1431 videbimus,
1085 1352 1466 1444 primarium
1501 1359 1565 1424 et
1601 1355 2080 1424 constitutivum
2115 1352 2347 1423 animae

320 1457 657 1529 humanae.
680 1458 1001 1530 Caeterum
1021 1463 1378 1533 transmisso
1398 1462 1552 1531 Ant.
1580 1463 1672 1530 N.
1701 1462 1883 1529 Com.
1909 1458 2120 1529 Posito
2143 1459 2351 1536 enim,

323 1564 652 1634 elemento
679 1565 951 1658 simplici
971 1567 1251 1637 materiae
1278 1566 1472 1636 tribui
1503 1566 1883 1636 activitatem
1904 1566 2342 1642 intrinsecam,
2425 1589 2429 1594 ·

320 1670 455 1741 hoe
485 1673 877 1744 elementum
909 1678 1053 1768 jam
1091 1674 1441 1746 necessario
1478 1680 1745 1745 cessaret
1776 1697 1910 1744 esse
1955 1673 2349 1742 elementum

322 1783 634 1853 materiae.
682 1782 1094 1855 Elementum
1117 1785 1294 1854 enim
1309 1786 1593 1854 materiae
1612 1790 1705 1853 est
1730 1782 1916 1862 illud,
1945 1780 2119 1874 quod
2138 1783 2347 1873 potest

320 1892 548 1960 venire
564 1892 634 1960 in
656 1892 1182 1985 compositionem
1206 1893 1487 1962 materia>
1507 1906 1529 1973 ,’
1553 1914 1667 1963 seu
1688 1892 2068 1961 constituere
2103 1888 2355 1971 conec-j

320 2000 575 2069 tionem
600 2000 873 2072 inertem
902 2006 965 2070 et
987 2023 1247 2093 prorsus
1267 2001 1582 2093 passivam
1605 2052 1622 2080 ,
1675 1999 1879 2093 qualis
1910 1999 2176 2069 materia
2203 2001 2352 2100 est:

321 2107 844 2200 atquirepugnat
871 2131 987 2179 ens
1007 2110 1274 2202 simplex
1294 2109 1634 2180 intrinsece
1655 2111 1939 2179 activum
1971 2105 2349 2176 constituere

335 2212 781 2286 collectionem
830 2216 1105 2286 inertem
1152 2222 1217 2287 et
1256 2238 1436 2287 mere
1476 2218 1794 2310 passivam
1819 2244 1839 2298 ς
1897 2236 2053 2307 ergo
2101 2232 2351 2302 semper

321 2327 552 2392 manet
572 2346 801 2394 verum
821 2375 841 2405 ,
878 2348 995 2394 ens
1017 2325 1284 2418 simplex
1307 2326 1589 2394 materiae
1612 2375 1631 2404 ,
1657 2323 1786 2415 qua
1808 2321 1930 2391 tale
1955 2372 1973 2398 ,
2004 2342 2138 2390 non
2170 2338 2350 2410 posse

328 2426 476 2497 fieri
504 2432 821 2524 spirituale
844 2483 864 2513 ‚
901 2432 1183 2526 adeoque
1218 2454 1333 2503 ens
1376 2431 1646 2525 simplex
1665 2430 1947 2501 materiae
1975 2433 2040 2498 et
2066 2426 2350 2501 animam

326 2534 691 2609 humanam
718 2538 834 2608 sibi
856 2541 1333 2612 contradictorie
1362 2539 1631 2634 opponi.

423 2704 592 2778 OBJ.
616 2710 690 2778 2⁶
718 2710 960 2782 Omnes
977 2712 1210 2782 animae
1230 2711 1557 2783 facultates
1574 2767 1590 2793 ,
1613 2713 1747 2805 ipse
1776 2711 1936 2784 adeo
1964 2710 2352 2792 intellectus.

325 2816 416 2884 ad
442 2813 911 2891 sensibilitatem
944 2820 1343 2892 reducuntur
1388 2846 1411 2894 z
1458 2822 1639 2912 atqui
1675 2821 2049 2891 sensibilitas
2106 2827 2172 2890 et
2215 2821 2352 2912 ipsa

329 2925 603 2993 sensatio
638 2931 774 2995 non
813 2933 908 2997 est
938 2930 1060 2997 nisi
1079 2930 1311 2998 reactio
1330 2926 1576 2997 cerebri
1608 2926 1715 2997 vel
1743 2928 1948 2997 cordis
1978 2935 2201 2997 contra
2229 2930 2361 3010 ime

335 3032 688 3121 pressiones
705 3035 789 3105 ab
810 3036 1067 3127 objectis
1090 3036 1363 3105 externis
1400 3036 1598 3105 saetas
1630 3035 1703 3104 in
1741 3056 1986 3127 organa
2014 3034 2347 3117 sensoria,
2329 3063 2346 3080 ·

330 3160 490 3231 ergo
515 3143 733 3212 anima
755 3144 1045 3213 humana
1072 3165 1205 3213 non
1230 3143 1313 3212 ab
1333 3144 1515 3213 omni
1543 3162 1679 3213 esse
1705 3142 2023 3214 materiali
2062 3142 2353 3213 distincta

336 3249 453 3419 {st-
492 3246 585 3321 lta
611 3248 914 3333 Hobbes
952 3250 1321 3334 Condillae,
1361 3250 1570 3343 Tracy
1600 3250 1921 3402 aliique
1868 3250 2150 3323 sensistae
2195 3269 2352 3333 moss,

377 3357 524 3429 erni

421 3518 503 3591 R.
534 3523 632 3599 Ν.
658 3527 827 3632 Maj.
864 3524 1031 3598 Nam
1059 3527 1340 3621 profecto
1383 3546 1601 3620 neque
1645 3526 1945 3605 facultas,
1981 3524 2109 3618 qua
2136 3525 2354 3597 anima

336 3633 677 3703 convenire
708 3644 914 3727 potest
947 3660 1100 3706 cum
1139 3637 1266 3706 alio
1300 3635 1379 3706 de
1430 3656 1623 3705 sensu
1664 3658 1879 3713 voc1s,
1923 3635 2030 3704 vel
2066 3634 2353 3726 judicare

136 3741 149 3754 '
211 3781 216 3786 Δ
334 3742 615 3808 contra
594 3747 1044 3838 nnpressiones
1073 3751 1359 3839 acceptas
1380 3746 1500 3841 (ex
1527 3766 1720 3838 supra
1746 3742 2106 3837 probatis),
2137 3765 2351 3834 neque

333 3836 696 3916 intellectus
719 3854 806 3923 ad
854 3853 1327 3926 sensibilitatem
1373 3854 1599 3926 reduci
1643 3856 1947 3946 possunt,
1989 3850 2148 3922 dum
2178 3853 2352 3920 enim

332 3948 575 4034 sentio,
609 3955 1004 4035 affectionem
1033 3964 1273 4061 passive
1320 3962 1640 4063 experior·
1622 4017 1643 4052 ,
1681 3959 1840 4034 dum
1839 3982 2031 4134 vero¹
2041 3960 2347 4133 {cusatio-

516 4073 564 4128 11
735 4113 741 4118 .
813 4095 820 4098 s
