2988 4832
1524 514 1532 520 “
1633 507 1765 578 164

708 628 955 703 tionum
974 587 1156 703 inius'
1183 616 1229 698 i*
1243 610 1641 725 'undeetiam
1672 632 1846 705 hanc
1877 627 2048 705 inter
2066 649 2296 726 corpus
2339 638 2406 704 et
2428 630 2719 709 animam

706 738 1091 809 harmoniam
1124 739 1603 829 proestabilitam
1631 745 1885 812 vocant.

790 863 902 936 111.
931 864 1046 936 Est
1082 885 1353 936 srsrnui
1393 887 1682 938 mrmxus
1726 877 2015 949 rnrstc1,‘
2048 871 2233 962 cujus
2258 870 2401 942 haec
2436 873 2537 941 est
2557 870 2720 943 doc-⁴
2812 848 2813 851 Ἴ

702 984 893 1054 trina.
940 982 1180 1052 Anima
1208 988 1273 1053 et
1314 1005 1544 1075 corpus
1565 1036 1584 1065 ,
1622 990 1872 1057 naturae
1902 988 2290 1078 caeteroquin
2313 987 2654 1059 dissimiles
2690 1038 2709 1066 .

701 1095 874 1160 arcto
894 1091 1171 1182 quodam
1191 1097 1255 1160 et
1272 1092 1535 1185 physico
1568 1094 1829 1164 vinculo
1854 1096 2022 1166 inte'r
2059 1117 2126 1165 se
2154 1097 2532 1188 copulantur
2573 1098 2666 1167 ita
2694 1150 2711 1176 ,

699 1202 773 1264 ut
799 1198 975 1268 factis
1002 1199 1072 1267 in
1118 1194 1360 1292 organa
1397 1222 1705 1270 sensuum
1743 1202 2262 1294 impressionibus
2298 1211 2363 1273 et
2398 1205 2482 1275 ad
2518 1226 2719 1276 cere·-

699 1301 893 1374 brum
943 1308 1300 1398 propagatis
1334 1306 1792 1377 determinetur
1832 1331 2020 1379 mens
2044 1308 2128 1378 ad
2161 1330 2393 1380 rerum·
2416 1314 2719 1383 sensatio-

698 1428 813 1481 nes
837 1410 958 1504 (1),
995 1417 1060 1482 et
1087 1413 1362 1484 vicissim
1382 1466 1401 1495 ‚
1429 1414 1692 1487 suborta
1715 1416 1785 1485 in
1811 1417 2031 1487 anima
2058 1417 2412 1511 cujuspiam
2432 1419 2720 1490 membri

695 1520 1143 1591 commovendi
1165 1521 1491 1593 voluntate
1513 1576 1530 1605 ,
1561 1524 1732 1594 illico
1753 1525 2170 1621 impellantur
2203 1529 2391 1596 nervi
2410 1528 2717 1601 volunta-

694 1627 897 1719 riique
930 1633 1141 1699 motus
1159 1630 1539 1702 efficiantur.
1563 1631 1752 1701 Unde
1774 1638 2034 1702 censent
2057 1682 2076 1713 ‚
2102 1635 2392 1704 animam
2413 1637 2717 1708 facultate

691 1733 994 1804 movendi
1018 1757 1249 1828 corpus
1281 1738 1613 1830 praeditam
1652 1761 1783 1808 esse
1808 1791 1826 1818 ,
1875 1762 2148 1831 eamque
2183 1750 2330 1812 vere
2372 1747 2444 1811 in
2481 1766 2716 1836 corpus

694 1858 879 1930 agere
901 1893 918 1919 ,
948 1841 1034 1910 ita
1052 1848 1126 1910 ut
1149 1851 1361 1914 motus
1381 1846 1452 1914 in
1471 1868 1734 1939 corpore
1753 1847 2039 1918 oriantur
2062 1854 2251 1942 atque
2273 1849 2472 1921 etiam
2491 1849 2716 1944 repri-

694 1948 960 2017 mantur
988 1949 1070 2018 ad
1101 1950 1435 2021 arbitrium
1459 1955 1728 2025 anima-,¹

697 2072 704 2077 ’
780 2073 1037 2181 Τνίρζεω
1081 2076 1211 2161 Ιιοσμ
1240 2092 1498 2170 systema
1544 2083 1659 2150 Ιιάσ
1707 2084 2116 2154 similitudine
2165 2086 2312 2154 solet
2360 2087 2707 2158 illmtram'.

686 2177 830 2248 Sint
861 2181 990 2250 duo
1016 2182 1347 2279 horologia
1365 2240 1384 2269 ‚
1436 2211 1582 2282 quae
1622 2211 1876 2283 semper
1930 2194 2393 2264 accuratissime
2426 2215 2714 2266 concor-
2787 2281 2790 2285 .

690 2286 863 2356 dent.
917 2287 1267 2362 Concordia
1316 2294 1455 2366 haec
1499 2298 1728 2388 triplici
1766 2300 1871 2370 vizi
1914 2300 2184 2370 obtineri
2227 2306 2480 2401 potest:
2522 2304 2552 2373 1
2582 2303 2604 2394 )
2657 2307 2714 2376 si

690 2396 833 2487 quis
859 2399 1160 2470 continuo
1195 2400 1393 2484 adsit,
1442 2405 1555 2497 qui
1597 2429 1818 2476 manu·
1847 2407 2100 2501 utrique
2143 2408 2473 2503 horologio
2509 2435 2707 2481 cons-

682 2506 897 2575 tanter
918 2505 1228 2598 applicata
1264 2510 1521 2580 eosdem
1554 2512 1626 2581 in
1654 2519 1924 2605 utroque
1951 2521 2165 2586 motus
2200 2518 2509 2589 continuo
2536 2543 2710 2613 pro-

685 2606 915 2697 ducat;
956 2612 1038 2705 2)
1076 2612 1133 2683 si
1167 2614 1388 2700 artifex
1427 2616 1758 2714 horologia
1782 2622 1900 2692 ista
1926 2623 2015 2693 ita
2040 2625 2332 2696 accurate
2365 2625 2660 2702 efformet
2680 2682 2703 2714 ,

636 2745 650 2862 1

746 2853 816 2922 (1)
848 2857 959 2919 Qui
976 2860 1165 2914 ratione
1185 2862 1270 2914 alii
1289 2861 1536 2918 innexum
1563 2868 1823 2933 physicum
1846 2871 2092 2935 explicent
2110 2868 2132 2939 ,'
2161 2885 2268 2936 non
2288 2888 2567 2930 moramur.
2599 2878 2723 2931 Nos-

683 2928 886 2989 quidem
919 2934 1139 2985 animam
1173 2935 1228 2985 in
1264 2950 1437 2999 corpus
1460 2952 1575 2989 vere
1596 2953 1741 3003 agere
1758 2955 1846 2992 seu
1868 2945 1994 2995 illud
2030 2946 2276 2997 activitate
2306 2949 2398 2999 sua
2418 2951 2473 2999 in
2504 2954 2710 3002 motum

681 3011 864 3062 ponere
877 3004 1248 3069 contendimus3
1272 3020 1448 3071 corpus
1479 3024 1599 3061 vero
1620 3012 1675 3061 in
1693 3013 1913 3064 animam
1936 3029 2039 3065 non
2078 3017 2150 3068 ita
2169 3032 2318 3083 agere
2338 3023 2571 3082 putamus
2592 3058 2610 3082 ,
2647 3024 2715 3077 ut.

682 3070 789 3133 ipsa
827 3074 1037 3123 materia
1068 3076 1283 3137 corporis
1315 3078 1369 3126 in
1390 3080 1560 3137 anima
1591 3082 1918 3134 sensationem
1955 3087 2193 3148 producat
2210 3124 2225 3149 ‚
2271 3091 2358 3139 sed
2388 3092 2484 3142 hoc
2500 3095 2710 3145 tantum

681 3156 828 3193 sensu
850 3143 913 3193 ad
930 3145 1227 3197 sensationes
1248 3149 1442 3210 proprie
1470 3151 1623 3202 dictas
1647 3154 1837 3206 actione
1858 3155 1948 3204 sua
1973 3169 2287 3221 concurrere,
2325 3163 2459 3224 quod
2479 3163 2707 3227 impres·

681 3213 872 3264 sionem
909 3217 978 3265 ab
999 3215 1198 3277 obiectis
1232 3223 1479 3283 acceptam
1516 3237 1607 3285 per
1626 3227 2006 3276 commotionem
2030 3228 2094 3277 ad
2124 3231 2402 3283 sensorium
2430 3247 2707 3290 commune

678 3286 977 3336 transmittat
995 3289 1141 3350 atque
1173 3290 1353 3340 animae
1386 3292 1687 3346 sufficienter
1711 3301 2004 3359 proesentem
2036 3300 2190 3363 sistat,
2214 3306 2272 3351 ut
2291 3306 2397 3355 haee
2424 3306 2474 3355 vi
2497 3306 2596 3357 sibi
2618 3309 2707 3359 in-

679 3357 891 3408 trinseca
908 3358 1046 3408 illam
1067 3361 1119 3408 et
1149 3373 1238 3421 per
1258 3361 1396 3413 illam
1418 3364 1666 3426 objectum
1679 3402 1696 3429 ,
1734 3369 1796 3417 ad
1817 3369 1949 3431 quod
1971 3371 2200 3433 refertur,
2228 3376 2486 3439 percipiat.
2513 3380 2709 3432 Anima

678 3427 833 3490 enim,
848 3430 1014 3490 utpote
1026 3428 1183 3491 finita,
1206 3434 1390 3482 certam
1410 3438 1678 3497 quamdam
1698 3440 1942 3500 sphaeram
1961 3442 2237 3502 activitatis4
2260 3446 2337 3495 uti
2352 3460 2442 3508 pro
2461 3450 2706 3511 cognitio-

628 3533 635 3545 .
680 3497 844 3558 nibus,
863 3497 933 3547 ita
950 3498 1101 3548 etiam
1120 3513 1211 3563 pro
1229 3504 1586 3557 sensationibus
1604 3509 1783 3558 habeat
1798 3523 1992 3561 necesse
2017 3516 2111 3575 est,
2131 3517 2189 3563 ut
2213 3515 2334 3566 adeo
2352 3517 2708 3580 impressiones

650 3568 653 3571 ’
679 3566 908 3619 minimas
942 3573 993 3620 et
1018 3584 1119 3634 cas,
1155 3585 1268 3635 quae
1290 3575 1528 3627 duntaxat
1549 3581 1860 3641 superficiem
1877 3585 2092 3646 corporis
2132 3588 2394 3639 externam
2422 3589 2701 3655 attingunt,

679 3647 803 3708 quin
819 3650 1197 3701 commotionem
1213 3654 1277 3703 ad
1297 3657 1556 3706 cerebrum
1580 3661 1946 3722 propagandam
1967 3664 2203 3728 excitent,
2224 3666 2298 3715 uti
2318 3680 2424 3730 mg.
2442 3682 2534 3719 aer
2552 3672 2704 3719 tran-
2800 3685 2806 3692 ·

677 3717 876 3782 quillus,
891 3732 991 3769 non
1003 3722 1256 3785 percipiat,
1274 3726 1368 3775 nisi
1381 3728 1562 3789 maiori
1578 3731 1859 3783 attentionis
1876 3734 2155 3788 intensione
2172 3737 2236 3788 ad
2249 3751 2331 3788 eas
2348 3739 2591 3793 advertat.
2614 3743 2704 3795 Sic

679 3797 846 3846 oculus
856 3800 966 3870 plus
980 3800 1205 3851 minusve
1225 3803 1397 3853 debilis
1411 3806 1616 3858 vividius
1638 3813 1692 3859 et
1715 3812 1984 3873 proximius
2001 3814 2248 3877 objectum
2267 3819 2499 3886 requirit,
2516 3825 2576 3874 ut
2593 3824 2699 3874 im·—

663 3869 861 3934 ,prcssio
880 3872 1077 3923 visualis
1094 3876 1261 3925 adesse
1281 3879 1442 3938 possit.
1458 3879 1629 3943 Itaque
1649 3896 1738 3945 per
1758 3885 1864 3935 haee
1882 3885 2034 3937 verba
2059 3901 2074 3938 z
2097 3887 2456 3941 determinatur
2473 3906 2614 3945 mens
2629 3894 2699 3947 ab

678 3941 1079 4007 impressionibus
1092 3981 1109 4008 ,
1143 3947 1425 4010 simpliciter
1442 3949 1680 4017 intelligo,
1714 3954 2057 4018 impressiones
2087 3959 2225 4022 quasi
2247 3962 2350 4011 sisti
2371 3962 2505 4015 intra
2527 3967 2699 4029 sphae-

678 4024 787 4064 ram
810 4013 1062 4067 activitatis
1076 4016 1252 4070 animm
1273 4024 1319 4071 et
1340 4022 1634 4076 sufficientes
1652 4040 1769 4085 esse,
1790 4033 1845 4080 ut
1870 4029 2036 4082 anima
2058 4032 2163 4083 illas
2185 4034 2438 4093 percipiat.
