2988 4832
2348 377 2411 415 ‘X

343 556 500 639 sunt
529 557 1038 663 proportionataess
1071 564 1242 636 Nam
1276 567 1472 636 verba
1516 563 1809 658 quaedam
1843 564 2150 639 submissa
2207 589 2360 640 voce

344 677 534 758 dicta,
561 699 629 747 v·
663 700 731 769 g.
761 676 1060 746 inimicus
1083 696 1281 767 prope
1310 668 1424 754 est,
1460 673 1671 766 gladio
1698 674 1770 742 in
1798 679 1862 743 te
1889 675 2074 745 irruit
2103 682 2226 748 etc.
2260 680 2366 746 ef·-

311 872 314 874 ,
340 786 591 866 ficiunt,
632 791 706 855 ut
728 785 925 855 homo
946 783 1214 854 inermis
1240 783 1383 851 totis
1404 781 1645 851 viribus
1675 786 1890 850 currat
1912 832 1932 862 ,
1964 782 2125 853 dum
2146 790 2368 854 eontra

343 895 591 964 clamor
640 898 702 962 et
733 893 1024 985 strepitus
1048 891 1314 961 forensis
1344 888 1626 959 eundem
1662 911 1746 957 ne
1765 888 1909 959 loco
1934 890 2192 981 quidem
2212 914 2367 963 mo-

338 1007 563 1071 veant.
602 1001 776 1093 Ergo
820 999 1213 1092 operationes
1244 999 1477 1068 animae
1513 996 1883 1067 nullatenus
1909 1004 2060 1068 sunt
2097 1021 2366 1093 propor-

341 1108 601 1178 tionatae
647 1106 958 1177 materiali
994 1107 1227 1176 actioni
1251 1106 1357 1176 vel
1395 1105 1703 1176 reactioni
1742 1105 2209 1176 elementorum
2246 1107 2363 1176 ad-

342 1239 552 1308 eoque
594 1217 677 1286 ab
717 1217 840 1285 hae
871 1215 1279 1285 essentialiter
1322 1216 1673 1285 distinctae:
1704 1214 1815 1285 sed
1842 1218 2233 1309 operationes
2260 1240 2362 1287 es-

340 1325 694 1393 sentialiter
748 1325 1054 1393 distinctae
1103 1330 1474 1416 supponunt
1517 1324 1907 1416 principium
1961 1325 2366 1396 essentialiter

336 1429 714 1509 distinctum
742 1445 949 1523 {ergo
969 1431 1190 1501 anima
1217 1430 1508 1500 humana
1537 1436 1632 1502 est
1656 1430 1741 1501 ab
1761 1432 1945 1503 omni
1974 1434 2238 1502 materia
2260 1454 2366 1502 es-

335 1540 692 1609 sentialiter
724 1541 1014 1609 distincta
1036 1539 1318 1630 adeoque
1351 1539 1711 1632 spiritualis.

432 1696 491 1788 b)
521 1696 763 1766 Anima
790 1697 1079 1765 humana
1102 1700 1303 1788 potest
1341 1694 1627 1791 judicare
1668 1700 1893 1764 contra
1915 1695 2359 1789 impressiones

242 1819 248 1826 ·
334 1806 663 1874 sensuales
693 1834 709 1887 3
747 1806 835 1873 sie
876 1827 945 1874 v.
1002 1827 1070 1896 g.
1128 1803 1359 1874 baculo
1388 1802 1766 1872 dimidiatim
1817 1804 1889 1872 in
1932 1825 2168 1897 aquam
2226 1805 2362 1872 im·-

335 1935 555 1984 merso
571 1914 898 2005 impressio
916 1913 1258 1981 materialis
1278 1912 1372 1990 fit,
1390 1912 1569 2002 quasi
1592 1913 1669 1980 sit
1686 1913 1942 1992 fractus,
1970 1934 2123 1982 cum
2144 1921 2363 1981 tamen

329 2022 654 2113 judicium
676 2021 942 2089 omnino
964 2021 1323 2112 oppositum
1351 2019 1631 2087 feramus
1677 2044 1694 2087 ε
1731 2020 1908 2110 atqui
1946 2020 1999 2088 si
2039 2020 2360 2111 operatio-7

333 2146 457 2197 nes
478 2129 712 2199 animae
741 2132 951 2196 essent
979 2128 1189 2195 solum
1214 2127 1375 2193 actio
1403 2126 1711 2217 impressa
1737 2131 1799 2194 et
1826 2127 2059 2221 reactio
2081 2127 2362 2199 elemen-

331 2240 554 2307 torum
606 2258 721 2315 seu
765 2234 1318 2305 subtilissimarum
1353 2235 1633 2324 partium
1690 2233 1968 2324 corporis
1990 2285 2008 2313 ,
2059 2232 2364 2325 impossi-

331 2342 468 2414 bile
509 2349 670 2414 esset
710 2345 783 2413 in
817 2341 962 2411 dato
995 2361 1146 2411 casu
1184 2339 1474 2431 judicare
1511 2339 1819 2409 baculum
1865 2360 2002 2410 non
2053 2341 2354 2423 fractum

326 2460 635 2546 ergosi‘t:
674 2454 792 2546 (1)
1681 2482 1688 2486 ·
2008 2475 2017 2481 ·

422 2611 478 2704 c)
502 2612 740 2684 Anima
769 2614 1059 2687 humana
1081 2622 1287 2709 potest
1314 2637 1468 2687 cum
1505 2615 1702 2684 altero
1735 2607 1817 2684 de
1858 2612 2185 2682 armtraria
2226 2633 2356 2682 vo-

329 2742 490 2794 cum
510 2724 962 2816 significatione
992 2727 1333 2796 convenire
1366 2751 1385 2795 :
1426 2725 1516 2792 sic
1553 2725 1606 2792 si
1643 2744 1766 2792 vox
1787 2721 1985 2790 latina
2025 2720 2200 2791 Deus
2233 2742 2355 2788 co-

326 2850 479 2899 ram
526 2830 741 2901 Arabe
771 2835 1128 2924 proferatur
1145 2884 1165 2914 ‚
1214 2833 1323 2901 hic
1350 2852 1612 2901 merum
1671 2850 1905 2898 sonum
1942 2828 2120 2898 audit
2140 2836 2194 2908 ‚²⁴²
2231 2849 2353 2897 nec

327 2938 681 3031 quidquam
700 2941 1036 3033 intelligit,
1084 2946 1289 3033 potest
1308 2946 1530 3010 tamen
1556 2960 1710 3008 cum
1730 2937 1958 3006 Latino
1982 2937 2345 3015 convenire,

329 3064 559 3117 ‘vocem
585 3044 761 3117 Deus
788 3050 1141 3139 significare
1170 3072 1286 3118 ens
1309 3048 1882 3141 perfectissimum:
1912 3044 2108 3134 atffl1i‚
2141 3044 2211 3111 siw
2233 3065 2354 3110 co·-

332 3149 548 3240 gitatio
566 3155 672 3223 vel
691 3156 1030 3227 intellectio
1046 3158 1125 3225 sit
1145 3179 1325 3236 mera
1346 3157 1510 3226 actio
1534 3162 1598 3227 et
1611 3155 1843 3226 reactio
1862 3152 2345 3229 elementorum,

333 3259 425 3326 sic
446 3265 789 3339 convenire
832 3267 1075 3356 nequit.
1106 3265 1543 3348 Conventione
1578 3266 1755 3334 enim
1787 3263 1950 3332 sacta
1990 3258 2198 3331 Arabs
2238 3281 2352 3351 per

212 3454 216 3460 Ι
336 3377 562 3437 vocem
593 3367 769 3466 Deus
800 3374 1071 3441 eandem
1100 3375 1587 3467 impressionem
1635 3374 1918 3464 adeoque
1947 3369 2263 3439 actionem
2292 3374 2356 3439 et

334 3475 718 3548 reaetionem
747 3478 1213 3551 elementorum
1239 3483 1501 3575 patitur,
1534 3504 1612 3554 ae
1636 3485 1786 3552 ante
1835 3477 2344 3557 conventionem3

395 3715 466 3784 (1)
497 3716 658 3772 Simili
675 3723 825 3775 modo
847 3729 1221 3791 argumentatus
1240 3731 1315 3780 est
1334 3727 1387 3781 S.
1409 3727 1721 3793 Augustinus
1743 3725 1966 3794 (Soliloq.
1992 3726 2099 3778 Lib.
2141 3730 2192 3779 2.
2225 3706 2353 3791 Gap.¹

330 3796 414 3862 81)
438 3800 602 3852 dicens
627 3816 643 3855 e
664 3802 826 3866 Quare
840 3808 1112 3873 conficitur,
1130 3814 1185 3860 ut
1206 3810 1352 3861 aliud
1370 3811 1532 3862 simus
1556 3825 1662 3879 nos,
1684 3808 1828 3863 aliud
1846 3823 2018 3863 sensus
2047 3824 2070 3864 .·
2103 3810 2349 3878 siquidem

329 3894 440 3935 cum
465 3882 571 3952 szse
600 3884 824 3956 fallitur,
837 3902 1102 3960 possumus
1120 3906 1210 3947 nos
1229 3907 1325 3949 non
1349 3894 1492 3965 falli.
