2988 4832
1516 429 1648 494 230

1338 622 1725 688 Aa'rlcoms
1758 597 1833 685 11.

862 781 975 861 *De
1016 777 1236 865 futura
1279 764 1692 842 destinatiom'
1720 770 1952 838 animo
1994 769 2300 838 humano.

684 965 831 1037 102,
884 963 1080 1033 Sicuti
1121 963 1409 1053 superius
1444 959 1525 1051 (1)
1558 940 1646 1027 ei
1660 955 2190 1027 immaterialitate
2221 958 2283 1020 et
2311 950 2612 1044 spiritua-

590 1076 760 1147 litate
802 1072 1034 1143 animm
1077 1069 1453 1139 deduximus
1486 1066 1847 1135 naturalem
1890 1065 2027 1153 ejus
2067 1059 2616 1131 immortalitatem

549 1215 556 1222 ·
594 1204 705 1252 seu
738 1179 1144 1275 capacitatem
1175 1177 1497 1245 internam
1539 1173 1769 1242 animae
1800 1169 1880 1238 ad
1914 1168 2473 1247 immortalitatem,
2521 1167 2616 1234 sic

595 1287 879 1379 ejusdem
926 1284 1467 1354 immortalitatem
1511 1282 1582 1348 in
1630 1279 1828 1348 altera
1874 1277 2005 1345 vita
2054 1276 2127 1343 de
2176 1276 2340 1344 sacto
2385 1296 2617 1344 conse-

596 1395 922 1488 quendam
952 1415 1064 1461 seu
1092 1393 1377 1459 animam
1406 1388 1485 1456 de
1527 1388 1690 1455 facto
1720 1409 1760 1455 a
1789 1384 1925 1454 Deo
1955 1407 2087 1453 non
2129 1383 2619 1453 annihilandam

595 1507 729 1572 sore
758 1503 865 1572 hic
886 1501 1260 1584 deducimus
1284 1520 1361 1566 ex
1384 1496 1629 1586 objecto
1652 1494 1971 1564 volitionis
2005 1491 2342 1582 principali
2363 1497 2425 1559 et
2450 1514 2619 1582 prae-

594 1610 893 1701 requisito
932 1608 1015 1675 ad
1054 1628 1317 1676 omnem
1344 1603 1739 1673 volitionem.
1788 1600 2125 1691 Objectum
2162 1600 2337 1666 enim
2375 1599 2501 1668 hoc
2535 1622 2618 1667 ex

550 1770 561 1793 s
597 1717 883 1792 Articulo
914 1714 1294 1807 praecedenti
1326 1718 1418 1779 est
1453 1712 1670 1777 bonum
1710 1710 2096 1797 simpliciter,
2137 1707 2218 1775 ad
2255 1705 2427 1796 quod
2461 1709 2620 1774 ani-

599 1846 707 1892 ma
735 1823 1007 1891 naturali
1037 1827 1097 1888 et
1128 1817 1480 1888 invincibili
1513 1817 1932 1908 propensione
1968 1813 2172 1883 tendit
2199 1818 2504 1902 tanquam
2531 1814 2617 1881 ad

606 1931 951 2004 terminum
980 1932 1042 1995 et
1082 1926 1626 2016 complementum
1665 1944 1796 1991 suae
1832 1919 2278 2000 beatitudinis3
2326 1921 2490 1991 unde
2527 1924 2623 1993 ita

608 2038 1106 2109 ratiocinamur:
1268 2050 1271 2053 ’
1534 2036 1546 2041 “

690 2173 867 2244 Finis
890 2173 1121 2242 animae
1148 2173 1424 2261 specialis
1454 2175 1518 2239 et
1537 2171 1863 2259 proximus
1897 2167 1979 2260 (2)
2006 2173 2102 2237 est
2120 2166 2438 2240 beatitudo
2461 2192 2484 2237 .·
2505 2171 2622 2240 sed

600 2279 922 2355 beatitudo
962 2282 1034 2350 in
1070 2281 1194 2350 hac
1236 2281 1372 2363 *vita
1416 2279 1659 2369 acquiri
1704 2300 1838 2347 non
1885 2283 2125 2369 potest3
2172 2299 2326 2369 crgo
2369 2300 2446 2348 ex
2484 2283 2625 2349 fine

601 2391 890 2482 proximo
919 2388 1152 2459 animae
1181 2387 1478 2459 concludi
1506 2388 1652 2455 licet
1679 2386 1760 2456 ad
1793 2386 2056 2455 alteram
2083 2387 2280 2456 vitam
2302 2388 2431 2457 sive
2452 2387 2625 2456 bea-

605 2504 761 2577 tam,
792 2499 846 2567 si
864 2498 1062 2565 finem
1087 2519 1277 2564 suum
1299 2495 1636 2585 specialem
1660 2495 1875 2561 anima
1898 2495 2247 2583 assequitur
2267 2524 2283 2575 ;
2310 2497 2437 2564 sive
2459 2497 2628 2564 infe-

596 2605 817 2700 licem,
866 2606 919 2673 si
960 2605 1089 2672 fine
1132 2626 1245 2672 suo
1289 2603 1545 2694 propria
1595 2602 1783 2691 culpa
1828 2602 2053 2670 excidit
2087 2628 2103 2671 ε
2139 2606 2251 2671 sed
2293 2603 2619 2673 beatitudo

602 2700 880 2803 perfecta
902 2733 1033 2779 esse
1059 2713 1299 2802 nequit,
1341 2711 1393 2778 si
1421 2710 1678 2777 finitura
1707 2711 1825 2790 sit;
1869 2732 2024 2800 ergo
2061 2732 2139 2777 ex
2167 2712 2295 2779 fine
2327 2712 2626 2804 proximo

608 2818 987 2889 concludere
1023 2818 1169 2887 licet
1186 2817 1268 2887 ad
1282 2818 1736 2887 beatitudinem
1765 2822 2067 2887 aeternam
2096 2818 2314 2887 seu·ad
2339 2823 2625 2888 immor-

586 2927 914 2995 ¹talitatem
961 2926 1210 2996 beatam
1253 2950 1274 2998 a
1314 2925 1425 2995 sed
1467 2927 1521 2994 si
1563 2927 1777 2993 anima
1816 2948 1894 2993 ox
1933 2925 2342 2996 destinatione
2382 2930 2498 2997 sua
2540 2929 2630 2996 sit

607 3034 1006 3114 immortalis,
1046 3035 1203 3105 ratio
1235 3035 1416 3104 nulla
1446 3039 1559 3112 est,
1599 3056 1715 3103 cur
1743 3036 1873 3102 vita
1907 3037 2099 3104 etiam
2137 3035 2356 3105 infelix
2383 3043 2632 3107 aeterna

608 3135 881 3222 non⁷sit3
916 3165 1068 3233 ergo
1105 3143 1234 3211 vita
1274 3164 1408 3222 non
1446 3143 1661 3210 minus
1691 3142 1927 3221 inseIiX,
1963 3165 2160 3232 quam
2200 3144 2348 3213 felix
2386 3151 2633 3215 aeterna

609 3272 745 3318 esse
775 3248 1045 3320 videtur.
1083 3249 1248 3319 Ecce
1287 3250 1394 3321 hic
1435 3250 1861 3329 ratiocinium,
1892 3253 2073 3341 cujus
2107 3254 2372 3341 quodvis
2407 3277 2625 3324 mem-

610 3358 806 3430 brum
826 3357 1076 3450 speciali
1096 3360 1515 3452 propositione
1541 3349 2003 3429 elucidandum'
2017 3364 2153 3448 0³33
2170 3361 2347 3433 unde
2370 3362 2482 3432 sit:

678 3600 751 3666 (1)
783 3600 911 3656 sect.
933 3603 982 3653 ι.
1006 3600 1124 3666 cap.
1155 3605 1202 3654 3.
1224 3600 1342 3667 rag.
1366 3604 1478 3657 149.

682 3695 751 3760 (2)
785 3695 1061 3762 Cosmoloq.
1096 3696 1226 3748 sect.
1251 3699 1301 3748 3.
1322 3695 1441 3759 Cap.
1477 3698 1510 3760 11
1530 3696 1583 3747 in
1612 3657 1871 3762 finesPag.
1905 3703 1962 3750 91
1986 3703 2155 3764 etseq.
2173 3699 2306 3751 Dixi
2331 3698 2628 3766 proximus,

613 3768 802 3820 scilicet
822 3769 970 3818 relate
993 3768 1054 3817 ad
1077 3768 1230 3818 finem
1245 3767 1477 3817 nmmum
1494 3770 1719 3819 omnium
1740 3784 1908 3820 rerum
1928 3787 1941 3821 ε
1964 3773 2094 3834 quod
2115 3773 2157 3822 si
2179 3773 2330 3828 homo
2345 3770 2553 3831 seorsim
2575 3777 2636 3824 et

614 3851 707 3905 piso
730 3839 895 3895 sesolo
912 3840 1170 3924 spectetur,
1198 3838 1446 3898 beatitudo
1469 3839 1564 3892 erit
1584 3840 1695 3894 linis
1727 3841 1941 3894 hominis
1960 3842 2184 3897 ultimae.
