2988 4832
1549 470 1679 547 290

589 598 934 672 exclamat}
959 599 1020 669 0
1048 602 1262 668 anima
1289 601 1666 669 naturaliter
1687 593 2390 690 christiana.·Et=re1psa
2417 596 2612 666 etium

591 709 877 778 ethnicos
903 727 1114 776 unum
1157 711 1408 776 tantum
1437 729 1814 800 supremum
1841 705 2160 777 admisisse
2184 755 2201 786 ‚
2253 711 2316 773 et
2341 725 2420 774 ex
2450 705 2615 795 phi·—
2673 761 2683 801 9

588 814 865 908 Iosophis
892 864 909 894 ‚
946 822 1111 884 etex
1137 817 1335 908 poetis
1371 821 1638 885 constat.
1673 815 1765 884 Ite
1783 816 1923 906 jam
1946 814 2242 906 Orpheus
2273 819 2614 905 poetarum
2671 810 2677 846 ³

587 925 1056 1016 antiquissimus
1105 951 1123 993 z
1194 926 1421 993 Unicus
1469 938 1556 991 est
1595 947 1709 1014 per
1754 947 1815 991 se
1872 924 2134 990 miscens
2157 974 2178 1003 ,
2235 923 2344 1012 qui
2394 931 2615 990 cuneta

585 1036 821 1103 creavit
846 1058 871 1114 ,·
901 1055 1192 1122 magnum
1221 1033 1368 1102 adeo
1390 1045 1614 1123 proeter
1641 1054 1834 1120 reqem
1863 1033 1994 1121 [non
2031 1032 2188 1099 alter
2218 1031 2497 1102 habetur,
2528 1027 2616 1096 Et

592 1140 750 1214 Hor,
786 1167 818 1209 t«
843 1142 968 1232 Qui
1010 1164 1104 1208 res
1135 1141 1445 1229 hominum
1493 1162 1569 1207 ac
1617 1141 1885 1206 Deorum
1911 1190 1928 1217 ,
1978 1140 2084 1227 qui
2110 1161 2279 1205 mare
2316 1150 2372 1204 et
2413 1151 2616 1205 terras

591 1251 891 1340 variisque
920 1248 1213 1314 mundum
1243 1259 1530 1336 temperat
1564 1246 1776 1325 horis,·
1805 1246 1963 1312 unde
1991 1246 2087 1312 nil
2114 1247 2316 1331 majus
2344 1269 2618 1333 genera-

592 1369 707 1421 tur
739 1356 869 1443 ipso
900 1404 915 1430 ,
951 1375 1057 1419 nec
1084 1355 1241 1441 viqet
1270 1354 1598 1446 quidquam
1624 1355 1823 1422 simne
1851 1365 1962 1421 aut
1991 1353 2333 1419 secundum.
2371 1351 2617 1442 Ohjec-

589 1463 794 1533 tiones
827 1486 905 1533 ex
934 1463 1245 1557 scripture.
1272 1462 1449 1532 saera
1470 1459 1610 1529 fieri
1633 1458 1848 1530 solitas
1875 1459 2258 1529 remittimus
2299 1460 2382 1527 ad
2407 1457 2617 1529 Theo-

590 1564 795 1661 logos,

682 1751 834 1823 122.
868 1750 1113 1824 PROP.
1141 1751 1222 1824 11.
1254 1751 1626 1823 Rnpuauinr
1647 1772 1770 1824 nno
1793 1770 2099 1822 mmmm
2124 1769 2165 1819 A
2186 1737 2256 1819 se
2278 1797 2298 1828 .
2327 1768 2616 1820 Ammon

585 1875 794 1931 onnam
820 1879 1025 1932 nomm
1043 1907 1067 1941 ,
1099 1881 1382 1933 amnuit
1405 1877 1611 1931 sum
1631 1878 1872 1934 nunu.

679 2040 872 2110 Prob.
922 2035 987 2110 1⁰
1016 2038 1141 2112 Vel
1170 2043 1238 2112 in
1274 2040 1447 2111 malo
1469 2040 1784 2134 principio
1830 2037 1995 2112 nihil
2024 2047 2118 2114 est
2140 2092 2160 2121 .
2215 2035 2390 2133 quod
2414 2045 2508 2109 est
2538 2023 2611 2110 in

591 2146 762 2217 bono
790 2198 808 2227 ,
856 2145 963 2217 vel
988 2148 1202 2239 aliqua
1232 2154 1380 2218 sunt
1401 2149 1489 2217 eis
1518 2149 1889 2220 communia
1916 2200 1933 2228 ,
1974 2149 2098 2220 alia
2138 2166 2298 2218 non.
2362 2144 2434 2224 Si
2455 2149 2611 2238 prie-

590 2277 757 2321 mum
777 2277 800 2323 .·
830 2254 1215 2350 principium
1242 2256 1491 2326 malum
1521 2257 1773 2325 nullam
1791 2253 1986 2325 habet
2012 2255 2363 2326 realitatem
2391 2307 2408 2335 .
2456 2265 2609 2324 cum

590 2361 839 2432 bonum
861 2413 882 2445 ‚
927 2369 1143 2457 utpote
1169 2386 1283 2432 ens
1310 2389 1353 2433 a
1380 2388 1441 2433 se
1461 2416 1485 2447 ,
1518 2364 1748 2434 habeat
1789 2385 2015 2443 omnes
2055 2364 2411 2446 realitate53
2456 2385 2609 2455 ergo

592 2494 727 2541 non
753 2479 849 2543 est
876 2474 947 2542 in
972 2497 1039 2542 se
1070 2474 1493 2565 cognoscibile
1514 2526 1532 2555 ,
1584 2497 1662 2543 ae
1685 2476 1871 2566 proin
1902 2495 2189 2544 non—ens
2218 2503 2236 2557 ;
2291 2475 2399 2544 sed
2430 2498 2608 2545 non-

591 2598 709 2648 ens
741 2600 877 2649 non
901 2584 1104 2670 potest
1130 2601 1265 2650 esse
1288 2579 1677 2674 principium
1698 2609 1717 2663 3
1766 2603 1919 2673 ergo
1939 2581 2328 2673 principium
2354 2604 2608 2650 summe

593 2685 846 2754 malum
875 2691 1036 2754 esset
1065 2705 1181 2756 ens
1205 2736 1225 2767 ,
1260 2686 1409 2778 quia
1437 2708 1513 2755 ex
1538 2688 1870 2779 hypothesi
1895 2693 2054 2758 esset
2077 2688 2463 2782 principium
2495 2742 2514 2770 ,
2549 2698 2612 2758 et

587 2810 732 2861 non
758 2797 919 2862 esset
938 2812 1054 2863 ens
1075 2844 1095 2874 ,
1139 2794 1289 2886 quia
1330 2816 1465 2864 non
1496 2801 1590 2864 est
1629 2796 1700 2863 in
1724 2818 1790 2865 se
1817 2796 2288 2888 cognoscibile3
2321 2820 2476 2889 ergo
2502 2819 2610 2866 re·

595 2904 866 2993 pugnet.
923 2902 998 2972 si
1043 2905 1367 2972 secundum
1410 2926 1433 2972 .-
1483 2905 1870 2996 principium
1899 2903 2148 2974 malum
2195 2927 2330 2974 non
2376 2911 2469 2974 est
2495 2908 2612 2975 en's

587 3033 635 3079 a
656 3034 717 3078 so
739 3034 767 3092 ,-
793 3030 950 3083 nam
970 3032 1086 3082 ens
1106 3033 1147 3081 n
1163 3031 1233 3085 se
1253 3011 1447 3085 habet
1465 3034 1692 3083 omnes
1720 3014 2028 3083 realitates
2059 3016 2278 3105 :fatqui
2306 3036 2384 3085 ex
2403 3015 2611 3107 hypo-

594 3117 759 3189 thesi
784 3118 1174 3212 principium
1205 3119 1457 3188 malum
1483 3140 1639 3188 cum
1682 3119 1855 3190 bono
1883 3121 2127 3211 aliquas
2152 3121 2462 3201 realitates
2479 3123 2609 3197 ha·-

591 3221 776 3297 beret
798 3246 1181 3301 communes
1206 3277 1226 3307 ,
1261 3225 1418 3297 alias
1437 3249 1573 3298 non
1600 3256 1618 3312 ς
1653 3251 1806 3321 ergo
1835 3235 1994 3299 esset
2014 3252 2132 3301 ens
2153 3255 2196 3299 a
2218 3228 2285 3297 se'
2299 3252 2378 3301 ex
2392 3231 2617 3323 hypo—-

593 3331 805 3414 thesi,
835 3340 906 3409 et
937 3339 1255 3407 nonesset
1278 3357 1589 3418 ensase,
1616 3337 2614 3430 quiarursusexhypothesinou

594 3438 858 3513 haberet
888 3463 1116 3515 omnes
1144 3442 1455 3517 realitates
1471 3468 1500 3526 ,⁰
1527 3467 1684 3538 ergo
1708 3453 2048 3539 repugnat.
2088 3443 2342 3517 Verum
2368 3446 2617 3523 etiamsi

594 3547 738 3637 hmo
763 3549 897 3623 duo
928 3552 1239 3644 principia
1269 3575 1404 3623 non
1430 3561 1866 3646 repugnarent
1893 3556 2238 3639 intrinsece,
2273 3562 2491 3633 temen
2512 3578 2618 3626 re-

596 3664 890 3750 pugnant
912 3662 1245 3730 extrinsece
1263 3711 1282 3741 ,
1317 3682 1429 3730 seu
1472 3663 1627 3731 meli
1651 3664 1828 3754 origo
1855 3716 1872 3743 ,
1910 3664 1993 3733 ad
2023 3670 2087 3734 et
2118 3656 2377 3757 propter
2414 3648 2620 3755 quam

588 3764 1037 3856 ,explicandam
1055 3774 1471 3842 assumuntur
1492 3817 1517 3851 ,
1547 3791 1665 3862 per
1687 3792 1763 3841 ee
1788 3792 1923 3841 non
1950 3771 2324 3866 explicatur.
2355 3771 2528 3843 Nam

687 3894 755 3974 2·
805 3894 926 3971 vel
965 3899 1131 3972 vires
1175 3898 1448 3993 aequales
1492 3898 1802 3976 haberent
1830 3903 1934 3973 vel
1966 3926 2126 3977 non.
2181 3906 2258 3977 Si
2304 3904 2556 3996 aequalqs
2572 3890 2618 3978 ‘⁸
