2988 4832
1346 509 1475 579 269

476 629 559 704 R.
595 633 660 703 1·
691 607 1046 726 Retorqueo
1076 640 1581 727 argumentum:
1613 636 1668 706 si
1689 633 1772 706 ab
1792 634 2116 709 existentia
2151 636 2411 707 infantis

391 739 496 810 vel
540 741 644 812 ovi
684 744 1084 815 concluditur
1138 744 1222 814 ad
1270 745 1667 815 existentiam
1701 749 1922 817 matris
1965 749 2072 818 vel
2121 749 2403 840 gallinoe,

391 852 601 942 majus
618 852 772 943 quid
792 855 1150 924 continetur
1175 854 1248 922 in
1265 854 1693 934 conclusione,
1722 877 1920 946 quam
1943 858 2015 925 in
2035 860 2413 948 praemissis:

389 960 681 1050 atqui....
716 959 1013 1053 ergO....'

477 1115 561 1185 R.
609 1117 679 1186 2⁰
717 1120 807 1189 Ν.
841 1121 1007 1209 Maj.
1040 1118 1209 1190 Nam
1245 1120 1504 1213 quando
1540 1120 1623 1190 ab
1669 1123 1997 1194 existentia
2028 1126 2197 1196 entis
2241 1147 2416 1195 con-

385 1223 690 1317 fingentis
743 1226 1073 1297 deducitur
1123 1230 1447 1298 existentia
1501 1231 1665 1298 entis
1708 1231 2067 1310 necessarii,
2127 1230 2294 1302 nihil
2345 1233 2419 1303 in

387 1330 800 1401 conclusione
817 1334 1208 1413 continetur,
1246 1335 1418 1425 quod
1438 1335 1510 1403 in
1531 1336 1869 1427 praemissis
1894 1358 2029 1406 non
2049 1339 2129 1406 sit
2159 1360 2416 1430 expres-

383 1460 562 1507 sum.
609 1438 715 1508 Ad
743 1440 867 1509 hoc
891 1441 1067 1509 enirn
1109 1442 1511 1510 ratIocinium
1542 1446 1671 1510 tota
1712 1443 1829 1511 ista
1849 1442 2141 1513 deductio
2194 1445 2418 1515 reduci

385 1550 595 1637 potest
624 1570 646 1614 .·
675 1547 821 1617 Νοηξ
852 1550 1042 1617 datur
1056 1552 1292 1640 effectus
1325 1552 1455 1616 sine
1500 1559 1686 1616 causa
1715 1552 1935 1639 :acqui
1975 1552 2238 1619 mundus
2269 1553 2406 1630 iste,

386 1655 489 1719 uti
513 1676 682 1721 omne
712 1678 814 1722 ens
848 1658 1196 1745 continqens
1221 1680 1327 1724 seu
1355 1678 1437 1725 An
1475 1677 1640 1734 Amo,
1675 1667 1761 1723 est
1807 1658 2139 1725 necessario
2172 1661 2416 1749 effectus

387 1762 545 1829 mztis
576 1765 898 1830 necessarii
923 1776 981 1830 et
1008 1765 1250 1853 infiniti
1268 1774 1389 1855 qud
1412 1787 1650 1841 oausoe5
1693 1785 1834 1851 erqo
1861 1786 1965 1830 ens
2009 1766 2416 1832 necessarium

389 1882 448 1936 et
475 1872 795 1960 infinitum
823 1873 1060 1939 existit.
1088 1870 1288 1940 Porro
1312 1871 1381 1939 in
1407 1870 1534 1939 hoc
1562 1870 1887 1938 ratiocinio
1919 1869 2136 1939 nullus
2166 1876 2258 1939 est
2278 1877 2410 1940 ter-

392 1977 610 2046 minus
628 1978 702 2045 in
732 1978 1158 2058 conclusione,
1202 1978 1474 2068 quinon
1509 1979 1589 2045 sit
1612 1979 1682 2045 in
1698 1977 2060 2068 proemissiS,
2100 2000 2222 2047 nec
2240 1980 2414 2049 ullus

369 2082 578 2158 ,latior
602 2084 675 2153 in
708 2085 1137 2163 conclusione,
1167 2106 1366 2175 quam
1389 2086 1461 2153 in
1481 2085 1860 2177 praemissis;
1896 2106 2164 2176 ergom.

474 2241 634 2308 Imt.
661 2238 941 2311 Mundus
972 2247 1066 2308 est
1111 2260 1269 2332 opus
1308 2239 1564 2307 finitum
1611 2264 1628 2307 ε
1677 2240 1851 2329 atqui
1877 2238 2136 2309 effectus
2187 2240 2412 2311 finitus

386 2369 525 2422 non
556 2350 821 2441 requirit
850 2369 1108 2419 causam
1129 2346 1449 2416 infinitam
1475 2372 1493 2428 3
1532 2368 1800 2438 erga...

473 2509 556 2580 R.
597 2511 671 2580 C.
701 2510 867 2598 Μαί.
907 2512 970 2576 et
1016 2509 1105 2578 D.
1153 2507 1329 2578 Min:
1369 2502 1645 2573 Effectus
1683 2502 1900 2571 finitus
1950 2526 2084 2573 non
2136 2505 2409 2594 requirit

384 2612 647 2690 causam
681 2617 999 2685 infinitam
1034 2614 1340 2691 mediate,
1400 2613 1494 2683 Ν.
1545 2613 1712 2684 Min.
1766 2608 2161 2693 Immediate,
2201 2614 2421 2684 subd.-

380 2725 537 2796 Non
562 2724 824 2815 requirit
843 2745 1116 2814 semper,
1162 2722 1239 2792 C.
1275 2722 1446 2793 Min.
1485 2719 1635 2789 Non
1656 2721 1922 2811 requirit
1943 2743 2235 2811 unquam
2259 2772 2279 2802 ,
2312 2723 2404 2792 Ν.

381 2835 556 2903 Min.
590 2830 968 2901 Videbimus
999 2832 1174 2897 enim
1199 2827 1388 2917 infra,
1417 2830 1803 2896 creationem
1831 2829 1923 2895 rei
1946 2828 2279 2918 cujuslibet
2299 2852 2408 2897 re-

382 2942 640 3032 quirere
676 2939 1026 3031 potentiam
1073 2937 1415 3019 infinitam.
1470 2934 1589 3003 Ast
1641 2934 1854 3002 omnis
1899 2934 2157 3003 effectus
2190 2936 2407 3006 finitus

384 3049 611 3115 saltem
640 3045 908 3115 mediate
932 3067 1185 3136 semper
1211 3042 1478 3133 requirit
1502 3062 1761 3110 causam
1783 3040 2101 3110 infinitam
2123 3093 2141 3119 ,
2201 3042 2410 3134 siqui-

386 3154 537 3221 dem
569 3174 758 3222 causa
778 3153 1066 3246 proxima
1093 3156 1156 3219 et
1183 3153 1445 3227 remota,
1492 3148 1547 3216 si
1571 3147 1766 3215 finitae
1792 3147 1939 3225 sint,
1973 3147 2112 3215 vim
2152 3148 2406 3219 nullam

384 3261 537 3352 ipsae
557 3260 903 3340 haberent,
957 3262 1081 3329 nisi
1124 3281 1164 3327 a
1202 3257 1391 3326 causa
1419 3255 1633 3347 prima
1665 3260 1728 3322 et
1789 3280 1832 3324 a
1886 3279 1945 3322 se
1967 3306 1984 3333 ,
2042 3254 2323 3345 adeoque
2366 3280 2408 3328 a

387 3353 580 3436 causa
599 3367 851 3437 infinita
879 3368 1289 3458 accepissent.

472 3544 906 3614 ,Anennnmuu
936 3541 1081 3611 num.
1106 3545 1219 3611 Ex
1240 3544 1452 3609 ordine
1473 3542 1716 3611 mundi.
1757 3539 2238 3632 Argumentum
2278 3529 2403 3612 hoc

387 3650 475 3719 ita
507 3653 776 3743 proponi
804 3655 1004 3744 potest
1035 3676 1053 3721 ε

476 3800 693 3871 Existit
708 3803 779 3871 in
794 3779 1038 3873 mundo
1061 3801 1217 3874 ordo
1238 3829 1256 3873 t
1284 3804 1458 3894 atqui
1478 3803 1619 3872 idea
1638 3801 1876 3875 ordinis
1893 3800 2165 3871 involvit
2190 3801 2399 3871 ideam

275 3962 284 3973 .
388 3911 549 3981 entis
575 3910 998 4003 intelligentis,
1050 3917 1123 3982 ut
1144 3913 1413 3984 auctoris
1449 3912 1641 4004 hujus
1672 3911 1960 3994 ordinis;
2011 3934 2165 4003 ergo
2199 3912 2400 3980 existit
