2988 4832
1269 471 1277 479 ’
1323 470 1452 545 353

334 628 346 659 -,-
378 602 383 609 ·
457 593 606 675 156,
648 594 892 666 PROP.
921 593 1031 666 111.
1074 594 1242 667 Deus
1269 617 1334 666 m
1367 612 1615 667 Aemus
1644 617 1734 665 an
1753 594 1952 665 nm
1972 616 2077 665 εει·
2102 561 2374 667 numm

363 712 486 773 uus
514 716 593 765 u
613 715 764 765 oum
792 716 1204 766 uecnssrurn.

450 851 640 918 Proh.
683 851 748 918 1⁰
777 849 949 920 Deus
976 856 1069 922 est
1098 873 1349 921 summe
1401 851 1814 944 intelligens3
1865 873 2021 944 crgo
2064 858 2158 921 est
2184 853 2378 924 etiam

337 977 626 1035 ,summe
656 957 841 1028 liber.
1452 998 1455 1001 >
2382 946 2390 970 ⁹

344 1158 353 1161 -
449 1097 643 1166 Proh.
671 1097 851 1168 Com.
887 1094 1247 1168 Voluntatis
1267 1096 1438 1165 bene
1459 1089 1767 1165 ordinatae
1792 1092 2129 1164 tendentia
2163 1089 2377 1184 sequi·

352 1209 467 1275 tur
504 1204 836 1277 ‘dictamen
895 1205 1305 1291 intellectfis3
1351 1225 1508 1298 ergo
1562 1205 1723 1274 sicut
1767 1223 2026 1273 summa
2076 1199 2375 1290 perfectio

339 1310 722 1382 -intellectfis
750 1319 844 1383 est
869 1366 888 1395 ,
926 1336 1307 1407 cognoscere
1350 1313 1605 1383 bonum
1655 1333 1791 1381 non
1840 1312 2264 1381 necessarium
2302 1317 2377 1379 ut

364 1439 505 1489 non
558 1423 984 1490 necessarium
1015 1473 1032 1501 ,
1083 1423 1168 1490 ita
1224 1443 1265 1490 a
1308 1421 1448 1512 pari
1490 1440 1746 1487 summa
1807 1420 2103 1510 perfectio
2140 1419 2375 1488 volun-

359 1527 502 1595 tatis
548 1534 677 1608 est,
713 1550 930 1598 amare
975 1527 1224 1597 honum
1270 1544 1405 1595 non
1451 1526 1876 1595 necessarium
1933 1531 2007 1594 ut
2061 1547 2195 1594 non
2245 1547 2378 1594 ne-

359 1636 706 1704 cessarium
752 1638 882 1706 sive
925 1658 1059 1705 non
1097 1635 1447 1705 necessario
1500 1659 1517 1704 z
1574 1637 1750 1725 atqui
1800 1656 2019 1704 amare
2074 1656 2210 1702 non
2256 1657 2375 1702 ne-

359 1744 623 1814 cessario
652 1743 823 1813 idem
843 1749 935 1813 est
960 1767 1037 1813 ac
1064 1766 1280 1813 amare
1319 1744 1561 1826 libere;
1610 1766 1763 1834 ergo
1796 1744 1877 1812 ad
1910 1744 2374 1836 perfectionem

353 1850 696 1919 voluntatis
719 1852 1035 1944 pertinet,
1091 1851 1261 1920 bona
1301 1874 1437 1920 non
1481 1852 1835 1921 necessaria
1876 1871 2093 1920 amare
2124 1850 2322 1919 libere
2350 1875 2369 1920 t

359 1957 534 2046 atqui
568 1964 854 2027 creatura
878 1959 1058 2027 nulla
1085 1964 1178 2027 est
1207 1957 1343 2027 Deo
1371 1958 1623 2028 bonum
1646 1959 2071 2026 necessarium
2121 1983 2140 2026 z
2177 1979 2329 2048 ergo
2348 2007 2367 2036 ,

355 2086 508 2133 cum
530 2063 703 2133 Deus
727 2066 1123 2134 voluntatem
1141 2088 1392 2135 summe
1430 2068 1777 2158 perfectam
1806 2064 2038 2133 habeat
2058 2116 2077 2143 ,
2112 2070 2373 2133 creatu-

351 2194 507 2239 ram
530 2172 778 2240 nullam
807 2180 978 2240 amat
1015 2173 1144 2262 qua
1171 2173 1408 2242 honam
1438 2173 1558 2241 sibi
1590 2173 1937 2241 necessario
1966 2201 1983 2253 ;
2015 2193 2170 2264 ergo
2201 2177 2374 2240 amat

353 2274 554 2346 libere
585 2267 870 2369 a'deoque
894 2280 1126 2370 gaudet
1153 2281 1460 2351 libertate.

443 2416 514 2486 2⁰
547 2415 722 2488 Deus
761 2418 954 2487 habet
994 2416 1390 2488 voluntatem
1418 2419 1942 2510 perfectissimam
1998 2443 2017 2487 ε
2073 2415 2251 2509 atqui
2293 2415 2369 2488 ad

351 2524 807 2617 perfectionem
825 2526 1167 2595 voluntatis
1189 2528 1460 2618 pertinet
1479 2527 1736 2595 libertas
1773 2553 1790 2595 ε
1823 2526 2055 2595 melius
2082 2527 2259 2594 enim
2281 2532 2376 2594 est

303 2650 323 2755 ἱ
351 2631 626 2721 gaudere
648 2632 933 2701 libertate
953 2684 974 2713 ‚
1018 2655 1216 2724 quam
1245 2636 1616 2704 necessitate
1659 2634 2028 2707 adstrictum
2068 2655 2203 2702 esse
2231 2632 2375 2723 (nisi

314 2788 324 2836 3
352 2744 570 2806 tamen
590 2741 661 2807 in
691 2740 814 2808 hac
840 2741 979 2832 ipsa
1007 2743 1372 2811 necessitate
1397 2742 1737 2833 singularis
1761 2742 2054 2833 quaedam
2082 2741 2231 2808 insit
2254 2760 2376 2808 ex·-

351 2848 642 2916 cellentia
663 2899 682 2928 ,
724 2850 817 2918 uti
848 2871 914 2918 v.
948 2871 1020 2940 g,
1052 2848 1125 2917 in
1159 2850 1519 2917 necessitate
1565 2870 1696 2914 non
1752 2847 2058 2936 peccandi
2081 2896 2102 2925 ,
2155 2845 2375 2914 omnia

353 2956 784 3046 cognoscendi
810 2954 1003 3045 etc.);
1052 2978 1205 3045 ergo
1249 2952 1422 3023 Deus
1460 2958 1552 3021 est
1591 2954 1753 3020 liber
1788 2979 1804 3021 ε
1847 2953 2021 3041 atqui
2051 2953 2214 3020 liber
2238 2974 2373 3020 non

351 3062 538 3129 estin
558 3061 801 3129 actibus
821 3063 907 3128 ad
926 3062 1102 3129 intra
1123 3085 1147 3140 ‚·
1181 3083 1335 3152 ergo
1355 3062 1519 3129 liber
1548 3061 1617 3127 in
1639 3058 1881 3127 actibus
1913 3061 1999 3125 ad
2026 3071 2236 3127 extra.

447 3211 517 3281 3⁰
551 3210 629 3279 In
654 3211 919 3280 homine
944 3234 984 3279 a
1009 3201 1145 3281 Deo
1170 3218 1379 3281 creato
1407 3212 1591 3284 datur
1619 3211 1877 3280 libertas
1904 3236 1919 3278 :
1956 3212 2130 3301 atqui
2152 3214 2374 3301 nequit

351 3319 498 3410 plus
539 3341 671 3388 esse
712 3320 784 3387 in
828 3318 1057 3386 effectu
1082 3371 1099 3398 ‚
1144 3341 1341 3411 quam
1382 3320 1453 3387 in
1502 3319 1743 3399 causziu
1786 3341 1939 3411 ergo
1987 3318 2242 3387 libertas
2286 3317 2369 3385 ab

353 3427 536 3534 omni
596 3425 1074 3519 imperfectione
1100 3428 1427 3518 purificata
1469 3426 1655 3496 debet
1679 3448 1811 3496 esse
1840 3431 1904 3495 et
1936 3429 2007 3496 in
2027 3424 2186 3496 Dec.

439 3561 511 3632 4⁰
538 3559 609 3631 Si
629 3561 802 3632 Deus
828 3564 1181 3634 necessario
1208 3588 1310 3635 res
1336 3588 1376 3633 a
1404 3588 1470 3635 se
1498 3566 1817 3635 distinctas
1838 3565 2054 3646 vellet,
2082 3565 2164 3634 ad
2191 3572 2367 3635 actus

357 3673 655 3740 externos
677 3673 1157 3741 necessitaretur
1177 3676 1270 3740 vel
1296 3674 1373 3741 ab
1395 3677 1649 3741 essentia
1681 3684 1795 3741 sua
1819 3674 1923 3742 vel
1955 3700 1997 3742 a
2037 3678 2208 3743 rebus
2244 3701 2367 3742 ex·-

356 3778 546 3846 ternis
565 3800 591 3846 .·
609 3780 783 3868 atqui
810 3777 983 3847 Deus
1005 3781 1226 3873 nequit
1247 3780 1376 3852 dici
1396 3782 1758 3855 necessitati
1775 3782 1856 3853 ad
1876 3789 2054 3854 actus
2074 3792 2366 3875 externos

373 3904 483 3954 seu
504 3882 586 3954 ad
613 3885 1000 3960 creationem
1118 3892 1125 3898 “
1529 3890 1534 3894 ’
