2988 4832
1535 439 1672 532 3454

601 591 924 682 objectum
947 584 1492 661 determinationis
1511 588 1746 661 divinae
1772 589 1853 660 ad
1886 586 2403 681 cognoscendum
2425 608 2612 661 omne

602 697 1062 791 cognoscibile3
1101 720 1256 790 ergo
1279 703 1457 769 actus
1483 698 1738 767 futurus
1767 704 1859 766 est
1888 697 2275 767 necessanus
2311 702 2609 788 tanquam

599 806 924 898 objectum
954 805 1390 898 przescientiae.

598 1005 606 1011 .
688 948 861 1022 OBJ.
900 952 969 1021 2⁰
1001 950 1090 1021 Ut
1127 950 1383 1020 libertas
1431 950 1714 1020 hominis
1768 971 1921 1020 eum
1962 951 2358 1042 praeseientia
2405 907 2615 1019 divina

600 1058 900 1154 componi
926 1063 1174 1148 posset,
1226 1059 1386 1126 actio
1410 1058 1657 1137 libera,
1695 1079 1892 1149 quam
1923 1056 2101 1129 Deus
2124 1061 2407 1128 suturam
2447 1081 2618 1150 prae-

601 1167 816 1244 videt,
852 1163 1111 1232 deberet
1136 1186 1317 1255 posse
1346 1166 1550 1234 omitti
1583 1192 1600 1234 2
1649 1166 1827 1256 atqui
1849 1165 1977 1236 hoc
1996 1166 2139 1237 fieri
2167 1166 2389 1257 nequit
2410 1217 2430 1246 .
2465 1167 2620 1258 quin

599 1274 758 1350 falsa
784 1271 1087 1370 reddatur
1117 1272 1514 1367 praescientia
1543 1299 1561 1354 ;
1590 1294 1744 1367 ergo
1753 1323 1886 1343 .....

609 1475 621 1492 .
685 1422 769 1495 R.
798 1424 885 1494 D.
919 1425 1088 1513 Μαί.
1125 1423 1316 1493 Actio
1331 1423 1445 1493 ina
1469 1417 1731 1493 deberet
1758 1445 1939 1515 posse
1973 1424 2180 1493 omitti
2200 1424 2286 1493 ita
2306 1475 2325 1504 ,
2352 1430 2430 1493 ut
2451 1423 2626 1495 Deus

598 1540 815 1605 tamen
842 1519 1029 1603 illam*
1048 1532 1485 1602 futuram‘esse
1510 1532 1922 1624 praevideret,
1954 1555 2067 1602 seu
2095 1536 2170 1601 in
2187 1556 2366 1601 sensu
2383 1558 2627 1623 compo-

598 1645 717 1712 sito
745 1662 899 1714 oum
928 1641 1321 1734 praescienti&
1350 1639 1470 1710 Dei
1513 1640 1592 1709 de
1628 1641 1741 1709 ills
1763 1692 1780 1720 ,
1824 1642 1911 1710 N.
1957 1644 2124 1729 Μαί.
2172 1639 2305 1724 lta,
2343 1648 2418 1712 ut
2445 1642 2627 1713 Deus

600 1771 747 1820 eam
763 1751 903 1841 jam
930 1750 1119 1818 etiam
1144 1769 1278 1817 non
1300 1747 1585 1816 suturam
1615 1770 1747 1817 esse
1775 1747 2188 1839 praevideret,
2215 1772 2328 1819 seu
2354 1751 2429 1819 in
2449 1772 2631 1819 sensu

599 1859 829 1938 diviso,
868 1857 941 1927 C.
967 1857 1147 1945 Mai.
1182 1861 1246 1925 et
1264 1878 1412 1946 par.
1449 1858 1538 1924 D.
1581 1858 1750 1952 Min.
1795 1857 1886 1926 N.
1943 1857 2122 1926 cons.
2184 1855 2400 1948 Itaque
2425 1855 2631 1928 homo

598 1963 803 2055 potest
824 1963 1060 2033 liberos
1087 1984 1234 2033 suos
1259 1968 1437 2032 actus
1466 1963 1538 2031 in
1575 1984 1764 2031 sensu
1789 1960 1987 2031 diviso
2011 1986 2250 2077 ponere
2277 1977 2390 2032 aut
2424 1967 2632 2035 omit-

598 2079 774 2156 tere,
822 2079 917 2144 ast
946 2096 1099 2145 cum
1138 2091 1274 2144 non
1304 2074 1500 2165 possit
1520 2071 1801 2142 eundem
1828 2079 2046 2141 actum
2076 2095 2314 2165 ponere
2346 2075 2539 2143 simul
2560 2080 2631 2145 et

600 2182 927 2262 omittere,
969 2183 1111 2273 jam
1138 2202 1319 2250 nunc
1350 2202 1584 2249 verum
1627 2185 1763 2260 est,
1804 2201 1958 2248 eum
1990 2202 2059 2249 se
2115 2179 2197 2248 ad
2242 2181 2632 2253 alterutrum

599 2311 734 2360 esse
766 2288 1383 2368 determinaturum,
1436 2291 1501 2357 et
1547 2292 1740 2379 prout
1794 2308 1862 2355 se
1909 2285 2442 2357 determinaturus
2482 2294 2628 2372 est,

599 2397 813 2469 Deum
839 2398 1077 2468 videre.
1106 2396 1388 2522 ’Itaque
1367 2419 1440 2466 m
1462 2394 1746 2466 hominis
1772 2398 2073 2487 potestate
2095 2401 2191 2465 est
2215 2402 2468 2467 mutare
2489 2402 2631 2468 ter-

599 2508 857 2579 minum
878 2506 1266 2598 praevisionis
1286 2505 1719 2582 antecedenter,
1750 2524 1885 2572 non
1908 2516 2319 2591 consequenter
2341 2503 2425 2573 ad
2446 2527 2630 2596 prae-

597 2615 912 2684 visionem
942 2662 962 2693 ,
1014 2614 1164 2703 quia
1208 2611 1380 2704 quod
1414 2613 1706 2681 futurum
1738 2616 1877 2693 θείς
1928 2611 2044 2680 etsi
2090 2611 2288 2679 libere
2331 2613 2637 2682 futurum

599 2727 734 2800 est,
791 2728 1006 2789 tamen
1030 2726 1203 2791 certo
1236 2722 1530 2797 futurum
1554 2725 1692 2802 est3
1738 2740 1893 2811 ergo
1925 2716 2099 2791 Deus
2125 2719 2197 2787 in
2232 2718 2348 2788 sud
2379 2720 2627 2811 praevi-

600 2832 775 2898 sione
803 2828 936 2898 falli
962 2850 1098 2897 non
1118 2833 1320 2920 potest
1341 2855 1378 2911 ς.
1406 2829 1558 2920 quia
1586 2827 1935 2898 necessario
1965 2827 2263 2918 supponit
2300 2828 2629 2920 objectum

600 2926 746 3035 suoe.
760 2936 1150 3030 praevisionis
1175 2936 1380 3029 logice
1410 2937 1615 3029 prius.

686 3086 847 3156 Inst.
885 3084 953 3154 1⁰
994 3081 1181 3165 Quod
1219 3084 1421 3152 existit
1449 3083 1533 3153 ab
1570 3089 1808 3152 aeterno
1835 3132 1853 3160 ‚
1901 3081 2128 3172 nequit
2168 3079 2464 3173 impediri
2503 3102 2630 3172 per

600 3194 669 3263 id
683 3245 716 3281 ‚‚
734 3192 909 3283 quod
932 3193 1220 3283 prImum
1256 3190 1460 3261 existit
1484 3191 1555 3258 in
1593 3195 1879 3280 tempore
1933 3213 1953 3257 z
2014 3190 2190 3279 atqui
2228 3188 2628 3278 praescientia

602 3301 722 3373 Dei
741 3302 940 3372 existit
960 3300 1042 3370 ab
1067 3305 1304 3369 oeterno
1330 3325 1350 3381 ς
1404 3318 1558 3388 ergo
1587 3295 1669 3364 ab
1695 3301 1843 3364 actu
1867 3294 2071 3363 libero
2105 3294 2177 3362 in
2202 3298 2490 3384 tempore
2512 3295 2623 3362 fu·-

600 3417 746 3480 turo
770 3407 1066 3500 impediri
1092 3406 1313 3498 nequit
1339 3455 1357 3485 ,
1407 3404 1692 3496 adeoque
1725 3406 1907 3473 actus
1934 3400 2286 3472 necessario
2313 3398 2454 3470 talis
2483 3405 2577 3470 est
2595 3449 2620 3480 .

603 3518 861 3609 qualem
886 3514 1060 3585 Deus
1090 3513 1420 3607 praevidet.

641 3694 652 3704 ·
690 3660 770 3730 R.
801 3664 886 3730 D.
917 3661 1084 3749 Maj.
1123 3657 1309 3742 Quod
1330 3658 1534 3729 existit
1561 3658 1644 3728 ab
1667 3664 1911 3730 oeterno
1937 3659 2233 3728 relatione
2252 3653 2631 3724 antecedenti
2651 3668 2661 3713 Ι

603 3770 986 3858 adfuturum
1005 3770 1074 3836 in
1095 3773 1400 3858 tempore,
1428 3767 1523 3834 uti
1548 3789 1614 3836 v.
1650 3790 1719 3859 g.
1752 3770 1930 3835 actus
1955 3764 2075 3835 Dei
2097 3765 2297 3834 libere
2319 3762 2615 3840 creantis,

575 3912 578 3915 ·
604 3879 822 3969 nequit
849 3876 1141 3969 impediri
1162 3899 1277 3971 per
1304 3877 1596 3955 futurum
1628 3875 1698 3945 in
1733 3879 2017 3969 tempore
2036 3923 2058 3955 ‚
2101 3873 2174 3943 C.
2206 3873 2373 3960 Maj.
2435 3866 2652 3952 Quod
