2988 4832
1347 486 1440 561 99

486 610 655 685 0135.
706 611 773 684 2·
804 611 1067 685 Peccata
1094 610 1300 703 potius
1325 611 1407 681 ad
1451 612 1886 702 contemptum
1926 602 2043 681 Dei
2086 611 2338 679 vertunt
2363 657 2385 691 .

397 743 588 812 quam
618 721 699 791 ad
728 724 863 812 ejus
904 720 1220 812 gloriamz
1250 740 1404 809 ergo
1440 739 1578 793 non
1613 719 1830 790 omnia
1857 717 1927 789 in
1954 717 2197 787 mundo
2240 723 2393 787 ten·-

395 826 557 898 dunt
583 826 662 897 ad
694 825 963 923 gloriam
993 825 1111 902 Dei
1142 874 1161 906 .
1215 822 1501 915 adeoque
1520 822 1802 901 mundus
1831 828 2037 917 posset
2064 844 2195 897 esse
2224 824 2395 897 rela-

393 934 523 1006 tive
554 934 910 1026 perfectior.

480 1079 561 1152 R.
607 1082 693 1151 D.
743 1082 901 1152 Ant.
940 1079 1209 1153 Peccata
1227 1133 1246 1161 ,
1280 1080 1336 1152 si
1363 1085 1728 1174 spectentur
1753 1076 1947 1150 relate
1975 1078 2058 1150 ad
2086 1077 2391 1153 malitiam

391 1197 459 1260 et
483 1189 903 1261 intentionem
933 1186 1214 1260 hominis
1246 1188 1530 1259 libertate
1557 1188 1672 1258 sua
1707 1186 2018 1258 abutentia
2048 1192 2159 1256 aut
2202 1208 2393 1279 spec-

320 1366 324 1371 .
391 1309 520 1379 tato
565 1304 693 1374 fine
740 1304 1025 1401 proximo
1060 1304 1343 1374 hominis
1365 1355 1388 1385 ,
1438 1304 1649 1397 potius
1676 1303 1750 1373 in
1793 1309 2228 1395 contemptum
2272 1301 2391 1372 Dei

386 1416 686 1510 vertunt,
727 1411 800 1482 C.
835 1412 986 1482 Ant.
1027 1408 1100 1481 Si
1133 1417 1528 1505 spectentur,
1557 1415 1752 1502 prout
1777 1432 1816 1481 a
1847 1410 1983 1479 Deo
2008 1411 2392 1501 pemiittun-

394 1521 511 1586 tur
537 1567 555 1594 ,
594 1524 656 1587 et
687 1522 873 1610 prout
897 1522 1046 1587 sunt
1078 1523 1251 1587 actus
1273 1569 1290 1596 ,
1319 1538 1471 1586 cum
1500 1516 1760 1607 reliquis
1787 1516 2014 1585 mundi
2039 1518 2287 1585 entibus
2306 1518 2390 1587 ad

396 1646 816 1697 communem
827 1625 1047 1705 finem,
1070 1623 1116 1694 i.
1141 1647 1200 1693 e.
1222 1624 1303 1695 ad
1322 1624 1600 1716 aliquam
1624 1622 1743 1693 Dei
1773 1623 2222 1717 perfectionem
2245 1645 2388 1692 ma-

386 1729 815 1799 nifestandam
832 1783 855 1812 ,
890 1730 1157 1800 connexi
1177 1782 1195 1810 ,
1226 1731 1316 1800 Ν.
1353 1731 1504 1799 Ant.
1536 1736 1601 1798 ct
1630 1732 1808 1799 Com,
1844 1729 1929 1821 (1)
1955 1729 2186 1799 Omnia
2211 1731 2387 1799 enim

383 1837 562 1906 entia
594 1887 612 1913 ,
647 1841 834 1928 atque
875 1836 1031 1906 adeo
1064 1840 1318 1929 peccata
1362 1834 1488 1904 hoe
1517 1855 1705 1905 sensu
1735 1834 2051 1905 intellecta
2070 1886 2089 1912 ‚
2123 1834 2204 1903 ad
2236 1833 2389 1926 glo-

381 1944 555 2021 riam
581 1941 700 2020 Dei
724 1943 1250 2021 manifestandam
1273 1941 1623 2019 necessario
1644 1941 1832 2039 dirigi
1845 1941 2123 2017 vidimus
2148 1948 2289 2019 tum
2314 1943 2385 2013 in

375 2048 647 2128 Scholio
673 2050 903 2143 Capitis
953 2049 1358 2143 praecedentis
1382 2099 1403 2130 ,
1433 2055 1575 2123 tum
1608 2048 1680 2119 in
1721 2048 2091 2145 probatione
2113 2072 2158 2121 a
2179 2051 2389 2138 priori

375 2156 581 2236 modo
611 2157 918 2252 exposita.
961 2155 1136 2227 Idem
1161 2156 1351 2231 etiam
1373 2179 1419 2228 a
1442 2155 1764 2244 posteriori
1784 2153 2141 2245 intelligere
2160 2175 2387 2250 possu-

382 2283 581 2341 mus:
609 2264 672 2337 1⁰
706 2285 780 2333 ex
795 2261 1082 2354 pluribus
1096 2261 1361 2341 casibus,
1387 2261 1481 2335 uti
1508 2281 1574 2333 v·
1612 2282 1682 2355 g.
1719 2260 1789 2333 in
1816 2259 2104 2357 exemplo
2130 2256 2385 2355 Josephi

370 2367 745 2461 ¹AEgyptiaci
772 2420 789 2447 ,
817 2371 887 2437 in
912 2368 1091 2459 cujus
1110 2368 1255 2437 vitae
1280 2387 1471 2436 cursu
1503 2364 1741 2450 scelera
1777 2365 2047 2442 fratrum
2066 2364 2386 2468 variaeque

382 2476 787 2554 calamitates,
816 2495 973 2565 quas
992 2475 1362 2545 innocenter
1380 2473 1487 2543 ille
1510 2472 1783 2563 pertulit.
1806 2473 1892 2541 ita
1906 2474 2383 2566 consequeban-

380 2589 515 2666 tur,
547 2586 723 2658 ntea
747 2603 787 2651 a
807 2579 941 2652 Deo
956 2581 1174 2678 gioriae
1204 2602 1355 2656 nsuae
1398 2601 1587 2654 causa
1622 2580 1923 2678 permissa
1965 2580 2153 2652 fuisse
2188 2583 2380 2656 etiam

382 2688 572 2763 nobis
597 2694 802 2781 pateat
825 2717 843 2771 3
867 2693 932 2766 et
962 2689 1031 2759 2⁰
1054 2709 1134 2760 ex
1172 2710 1247 2762 eo
1270 2739 1289 2770 .
1324 2688 1498 2780 quod
1519 2685 1690 2774 Deus
1714 2693 1970 2780 peccata
2001 2690 2379 2766 remittendo

381 2795 878 2867 misericordiam
904 2847 923 2874 ,
990 2793 1214 2868 eadem
1242 2794 1562 2882 puniendo
1586 2801 1951 2888 potestatem
1978 2847 1999 2877 ,
2073 2799 2380 2889 justitiam

382 2909 516 2984 etc.
552 2903 924 2982 manifestet..

1005 3074 1753 3186 RECAPITULAT10.'

473 3325 585 3397 47.
631 3326 908 3398 Mundus
935 3330 1048 3400 iste
1072 3338 1318 3403 creatus
1345 3338 1438 3402 est
1460 3360 1477 3414 3
1508 3353 1661 3425 ergo
1695 3329 1913 3404 omnia
1958 3331 2129 3404 entia
2152 3328 2383 3402 mundi

380 3438 537 3503 sunt
567 3435 991 3528 contingentia
1017 3460 1130 3509 seu
1154 3441 1232 3509 ab
1253 3442 1386 3516 ,alio
1413 3440 1693 3532 adeoque
1718 3441 1822 3511 vel
1858 3427 2218 3510 immediate
2274 3439 2383 3509 vel

381 3539 657 3613 mediate
677 3563 718 3613 a
733 3545 920 3614 eausa
946 3546 1155 3638 prima
1181 3547 1485 3642 producta
1504 3553 1570 3616 et
1597 3548 1678 3617 ab
1708 3547 1788 3618 ea
1813 3549 2088 3618 maxime
2126 3546 2384 3640 depen-

382 3644 639 3730 dentia3
672 3650 847 3721 unde
872 3652 1071 3722 existit
1093 3653 1165 3724 in
1192 3645 1438 3725 mundo
1472 3678 1668 3725 nexus
1692 3655 2048 3746 dynamicus
2074 3675 2189 3724 seu
2216 3674 2383 3725 cau-

381 3775 604 3826 sarum
630 3755 1058 3833 efficientium.
1101 3759 1229 3836 Sed
1261 3765 1479 3835 omnia
1510 3763 1680 3837 entia
1723 3761 1955 3844 mundi
1985 3763 2267 3857 proxime
2299 3759 2385 3835 ad

449 3957 520 4029 (1)
547 3959 670 4016 Vide
690 3962 837 4025 etiam
857 3964 1058 4030 infmia
1075 3966 1373 4037 Theodicea,
1403 3968 1534 4027 sect.
1556 3967 1642 4024 111.
1668 3966 1785 4035 Gap.
1808 3968 1858 4022 2.
1886 3966 2061 4029 ΜΗ».
2085 3969 2148 4031 ad
2169 3967 2344 4038 object.
2360 4044 2375 4060 ⁸
