2988 4832
1278 450 1424 522 281
2165 479 2171 490 s

269 643 275 648 ⁴
419 566 510 636 ·.R
546 569 631 637 D.
667 569 834 655 Maj.
865 565 1011 639 Idea
1040 564 1160 637 Dei
1190 573 1284 639 est
1311 568 1452 639 idea
1477 565 1641 638 entis
1671 564 1918 636 infinite
1958 561 2257 658 perfecti,
2292 567 2343 636 51

340 677 514 745 clara
540 674 619 745 sit
647 676 819 745 notio
849 678 1041 745 etiam
1070 677 1238 747 eirca
1272 680 1570 747 naturam
1600 672 1750 754 Dei,
1791 675 1862 742 C.
1898 675 2063 762 Μαί.
2105 670 2336 752 SecuS,

337 783 429 852 N.
471 781 635 871 Maj.
671 788 736 852 et
774 803 912 876 par.
950 785 1036 852 D.
1071 785 1317 853 Minore
1348 783 1436 853 N.
1485 781 1666 850 Cone.
1696 778 1770 851 ld
1795 779 2005 850 solum
2033 780 2212 850 enim
2238 781 2349 852 hic

339 890 823 971 contendimus,
870 897 943 962 ut
988 891 1432 970 ostendamus,
1491 889 1754 960 nullum
1799 910 1933 959 esse
1986 890 2340 983 populum,

338 997 455 1089 qui
487 996 735 1078 Deum,
764 999 881 1069 etsi
903 998 1164 1090 qualem
1192 1019 1324 1067 esse
1352 996 1607 1076 deceat,
1653 997 1940 1088 ignoret,
1974 1003 2193 1068 tamen
2217 1000 2348 1068 ha-
2486 1109 2489 1112 Ι

335 1104 632 1176 bendum
658 1127 792 1177 esse
823 1128 1035 1177 none
1005 1108 1202 1175 sciat:
1242 1091 1420 1195 atqui
1448 1104 1668 1174 nullus
1692 1111 1787 1174 est
1827 1107 2141 1198 populus,
2191 1110 2348 1200 qui,

341 1215 458 1283 etsi
486 1235 619 1285 non
648 1214 768 1283 sub
811 1213 954 1285 idea
985 1215 1147 1284 entis
1172 1214 1420 1284 infinite
1464 1213 1765 1306 perfecti,
1816 1220 2033 1284 tamen
2064 1216 2183 1286 sub
2211 1219 2357 1289 idea

341 1324 507 1391 entis
545 1324 825 1414 supremi
848 1374 866 1403 ‚
915 1323 1164 1415 providi
1182 1376 1199 1403 ,
1252 1322 1513 1394 rectoris
1552 1321 1781 1392 mundi
1801 1376 1819 1403 ‚
1862 1327 2357 1406 remuneratoris

341 1430 590 1500 virtutis
619 1434 684 1499 et
706 1430 973 1500 vindicis
1001 1430 1135 1498 vitii
1160 1429 1369 1500 ideam
1395 1428 1516 1499 Dei
1537 1429 1868 1512 habuerit;
1907 1454 2174 1522 ergo.,..

430 1591 658 1665 Senon.
706 1593 841 1663 Etsi
889 1594 1122 1664 salsum
1152 1595 1264 1674 sit,
1300 1595 1489 1665 fuisse
1522 1596 1626 1666 vel
1662 1617 1794 1664 esse
1828 1595 2044 1666 atheos
2091 1599 2352 1671 interne

342 1701 559 1773 Deum
601 1707 906 1794 negantes
925 1752 945 1781 ,
986 1699 1203 1771 tamen
1248 1721 1548 1773 concesso
1597 1704 1789 1772 etiam
1840 1725 1974 1772 esse
2017 1703 2121 1773 vel
2166 1708 2355 1777 fuisse

344 1809 587 1900 aliquot
610 1809 805 1878 etiam
828 1810 1078 1879 interne
1109 1808 1325 1879 atheos
1344 1861 1361 1888 ,
1389 1816 1848 1902 argumentum
1870 1832 1946 1879 ex
1967 1812 2034 1880 vi
2055 1812 2171 1881 sua
2194 1813 2357 1883 nihil
2482 1837 2487 1843 ·

346 1917 589 2008 perdit,
645 1918 797 2008 quia
842 1917 909 1985 1·
953 1928 1297 1986 consensus
1337 1917 1812 1988 admittentium
1865 1918 2079 1989 Deum
2141 1925 2355 1990 tantus

350 2046 600 2117 semper
643 2030 776 2104 est,
819 2028 895 2092 ut
920 2045 998 2092 ex
1039 2024 1222 2094 1111115.
1264 2024 1456 2095 causa
1503 2024 1875 2095 accidentali
1895 2079 1912 2105 ‚
1952 2028 2046 2096 uti
2072 2029 2356 2098 auctori-

350 2136 473 2200 tate
494 2182 514 2210 ‚
549 2131 656 2200 vel
690 2131 908 2224 politia
935 2132 1298 2225 principum
1323 2134 1428 2204 vel
1473 2135 1845 2204 educatione
1894 2141 2017 2206 etc.
2051 2139 2201 2206 oriri
2230 2160 2357 2230 po-

352 2239 578 2319 tuerit,
628 2238 907 2330 adeoque
947 2263 1195 2332 semper
1223 2264 1263 2310 a
1295 2243 1538 2311 ratione
1565 2242 1929 2313 immediate
1973 2246 2354 2336 percipiente

350 2346 730 2441 repetendus
752 2348 832 2416 sit
857 2376 873 2430 ;
911 2352 975 2416 et
1001 2348 1069 2418 2⁰
1100 2349 1262 2418 sicut
1290 2370 1426 2418 non
1449 2372 1529 2419 ex
1552 2353 1852 2421 monstris
1878 2352 2087 2422 forma
2114 2354 2358 2425 huma-

352 2477 434 2524 na
459 2507 478 2534 ‚
521 2456 608 2525 ita
643 2477 764 2524 nee
794 2478 835 2526 a
862 2456 1078 2548 paucis
1098 2454 1438 2527 brutorum
1482 2460 1685 2530 instar
1732 2459 2084 2552 depravatis
2131 2470 2360 2535 natura

348 2562 672 2634 rationalis
694 2562 1074 2654 inquirenda
1102 2573 1219 2635 est.

436 2742 871 2814 Auamma
897 2742 1045 2837 11³¹*-
1076 2749 1191 2816 Ex
1235 2749 1356 2838 leqe
1383 2751 1691 2819 naturali.
1726 2749 2209 2841 Argumentum
2238 2752 2365 2825 hoc

349 2851 436 2919 ita
458 2851 730 2942 proponi
760 2858 964 2942 potest
987 2877 1007 2922 ε

435 3025 656 3096 Existit
696 3026 800 3096 lex
834 3028 1176 3105 naturalis,
1220 3028 1594 3100 universalis
1628 3038 1691 3101 et
1712 3032 2034 3113 absoluta,
2069 3022 2365 3113 omnium
2407 2986 2418 3012 r

348 3131 688 3202 hominum
737 3134 1032 3225 cordibus
1084 3135 1436 3227 insculpta,
1485 3139 1860 3231 praecipiens
1908 3140 2255 3211 honestum
2306 3151 2368 3213 et

346 3239 759 3310 inhonestum
798 3222 1143 3335 prohibens
1190 3243 1510 3334 simulque
1570 3248 1835 3339 praemia
1878 3253 1940 3317 et
1978 3270 2202 3339 poenas
2247 3249 2371 3320 de-
2499 3269 2502 3272 ’

350 3369 685 3416 cernens:
754 3354 930 3439 atqui
971 3350 1111 3418 talis
1170 3349 1275 3420 lex
1342 3353 1554 3442 arguit
1603 3375 1979 3451 supremum
2035 3355 2368 3447 legislato-

349 3477 531 3632 lgm,
582 3457 696 3546 qui
720 3457 843 3527 nisi
885 3456 1058 3528 Deus
1087 3458 1207 3538 sit,
1256 3480 1389 3530 esse
1424 3461 1645 3532 nullus
1668 3468 1914 3555 potest;
1965 3485 2119 3555 ergo
2168 3466 2370 3536 existit

412 3583 547 3634 eus.

444 3726 633 3795 Proh.
686 3729 853 3814 Μαί.
904 3724 1073 3797 Nam
1132 3730 1326 3799 talem
1368 3731 1583 3824 legem
1624 3734 1886 3804 existere
1931 3734 2158 3828 probat
2202 3761 2370 3810 con-

354 3832 612 3951 seientia
657 3837 987 3929 cujusque.
1059 3837 1279 3919 Quivis
1322 3842 1497 3909 enim
1556 3843 1891 3917 commissa
1937 3843 2151 3936 aliqua
2197 3844 2369 3917 malti
