2988 4832
1616 382 1712 457 62

515 561 519 566 -
659 513 825 593 meti
849 517 995 587 actu
1021 510 1254 589 infiniti
1281 513 1579 612 argueret
1604 510 1801 583 etiam
1833 498 2365 605 offinipotentiam
2400 496 2521 579 Dei
2552 520 2688 581 csse

660 625 1054 705 exhaustam.

754 798 757 799 ἦ
1346 852 2008 935 OBJEGTIONEs.

752 1102 863 1172 25.
905 1097 1078 1173 OBJ.
1123 1100 1188 1170 1⁰
1220 1097 1396 1169 Deus
1420 1095 1507 1168 ab
1533 1102 1774 1169 aeterno
1811 1095 2042 1170 habuit
2087 1097 2440 1190 potentiam
2467 1115 2698 1168 erean-

659 1209 727 1285 di
785 1208 1161 1291 mundum3
1217 1204 1504 1280 mundus
1549 1207 1707 1278 item
1750 1205 1836 1275 ab
1886 1209 2129 1278 aeterno
2172 1206 2291 1276 fuit
2335 1205 2569 1284 habilis
2609 1205 2695 1275 ad

662 1318 1106 1397 existendum
1156 1336 1312 1408 ergo
1355 1335 1491 1388 non
1540 1318 1898 1407 repugnat,
1954 1303 2281 1387 mundum
2323 1314 2409 1385 ab
2456 1316 2695 1387 aeterno

664 1425 854 1495 luisse
901 1429 1212 1495 creatum.

673 1572 830 1646 ·.R
875 1575 965 1644 D.
1012 1574 1162 1642 Ant.
1214 1524 1390 1643 Deus
1438 1572 1523 1643 ab
1574 1579 1815 1644 aeterno
1869 1571 2223 1668 potentiam
2271 1567 2582 1643 creandi
2554 1622 2574 1652 ‚
2630 1577 2697 1642 et

669 1680 954 1752 mundus
989 1682 1386 1752 habilitatem
1424 1681 1727 1751 existendi
1752 1681 1977 1752 habuit
2002 1704 2141 1753 cum
2174 1680 2479 1750 existendi
2508 1681 2698 1749 initio

662 1811 702 1857 a
725 1795 904 1883 parte
926 1788 1176 1870 mundi,
1198 1791 1271 1858 C.
1302 1790 1454 1858 Ant.
1489 1788 1697 1857 Etiam
1711 1791 1839 1857 sine
1851 1788 2155 1861 emistendi
2176 1788 2385 1867 initio,
2417 1786 2509 1858 N.
2535 1787 2695 1858 Ant.

663 1902 726 1966 et
758 1897 938 1967 Cous.
972 1896 1144 1967 Nam
1177 1899 1332 1967 cu'm
1355 1899 1589 1968 creatio
1618 1896 1697 1967 sit
1728 1897 1999 1967 actuatio
2035 1895 2134 1970 rei
2158 1917 2239 1967 ex
2268 1894 2472 1967 nihilo
2497 1896 2598 1966 sui
2632 1901 2701 1967 et

664 2000 948 2098 subjecti,
991 2026 1096 2075 res
1134 2010 1346 2075 creata
1373 2003 1725 2075 necessario
1768 2001 2114 2097 aliquando
2152 2001 2271 2072 fuit
2310 2001 2482 2073 nihil
2508 2002 2701 2077 adeo-

665 2135 792 2206 que
829 2114 1090 2183 existere
1127 2111 1403 2204 incepit3
1451 2131 1606 2204 ergo
1640 2092 1815 2182 D'eus
1846 2110 1930 2180 ab
1966 2113 2207 2183 aeterno
2236 2107 2430 2180 aliam
2464 2115 2699 2206 poten-

664 2222 823 2290 tiam
846 2219 1103 2290 creandi
1134 2241 1269 2289 non
1301 2218 1547 2297 habuit,
1578 2240 1777 2311 quam
1805 2217 2142 2299 efficiendi,
2171 2222 2247 2287 ut
2269 2215 2556 2287 mundus
2579 2223 2699 2309 per

665 2330 1052 2400 creationem
1086 2328 1342 2400 initium
1378 2325 1684 2398 existendi
1725 2326 2028 2398 obtineat.
2073 2326 2297 2397 Creari
2338 2327 2517 2396 enim
2558 2326 2701 2398 sine

667 2439 845 2508 initio
868 2436 1174 2509 existendi
1192 2443 1285 2507 est
1307 2436 1868 2508 contradictorium
1888 2437 1959 2504 in
1979 2455 2072 2505 se.
2100 2434 2266 2505 Dein
2288 2435 2481 2505 etiam
2501 2455 2701 2504 mun·

668 2547 789 2615 dus
829 2545 1031 2625 aliter,
1078 2565 1279 2638 quam
1322 2567 1496 2615 cum,
1518 2543 1824 2615 existendi
1856 2542 2036 2613 initio
2066 2541 2149 2614 ab
2184 2545 2423 2613 aeterno
2461 2540 2697 2612 habilis

665 2652 748 2722 ad
806 2652 1203 2723 existendum
1249 2674 1386 2723 non
1433 2652 1553 2723 fuit
1582 2680 1600 2733 3
1656 2672 1811 2745 ergo
1865 2673 1944 2721 ex
1996 2652 2236 2723 aeternz‘i
2290 2648 2694 2743 possibilitate

667 2759 896 2829 mundi
923 2759 1054 2830 sive
1084 2761 1345 2831 externa
1383 2759 1513 2829 sive
1542 2760 1796 2829 interna
1830 2756 2203 2852 possibilitas
2230 2757 2451 2825 mundi
2481 2758 2696 2825 aeterni

669 2866 883 2959 colligi
923 2867 1169 2959 nequit.
1217 2866 1417 2938 Aliud
1458 2887 1738 2957 namque
1767 2873 1881 2947 est,
1930 2865 2143 2937 Deum
2177 2865 2261 2933 ab
2293 2869 2530 2934 aeterno
2571 2863 2697 2932 ha-

666 2974 875 3043 buisse
906 2975 1257 3066 potentiam
1286 2974 1547 3046 creandi
1582 2976 1880 3042 mundum
1902 2974 2284 3065 simpliciter,
2311 2977 2377 3042 et
2396 2972 2699 3041 mundum

667 3083 1028 3172 simpliciter
1049 3083 1238 3172 fuisse
1256 3083 1343 3154 ab
1366 3089 1602 3154 aeterno
1619 3082 1957 3153 intrinsece
1978 3080 2341 3173 possibilem
2365 3109 2383 3162 3
2411 3085 2474 3150 et
2497 3080 2694 3179 aliud,

670 3186 883 3258 Deum
936 3190 1021 3259 ab
1063 3196 1302 3262 aeterno
1351 3192 1644 3262 habuisse
1698 3191 2047 3284 potentiam
2098 3190 2357 3260 creandi
2401 3179 2699 3257 mundum

672 3308 982 3376 oetemum,
1014 3302 1078 3366 et
1101 3299 1398 3366 mundum
1435 3312 1726 3367 aeternum
1762 3298 1949 3367 fuisse
1975 3297 2059 3366 ab
2081 3302 2318 3367 aeterno
2351 3295 2697 3365 intrinsece

670 3402 1058 3493 possibilem.
1104 3401 1226 3475 Hic
1269 3427 1422 3476 vero
1475 3406 1684 3499 agitur
1734 3427 1870 3476 non
1920 3404 2000 3473 de
2045 3402 2450 3497 possibilitate
2502 3402 2697 3472 etiam

674 3512 912 3579 aeterna
931 3511 1161 3582 mundi
1184 3513 1571 3607 simpliciter,
1616 3513 1725 3582 sed
1751 3512 1829 3581 de
1853 3512 2256 3605 possibilitate
2279 3508 2500 3581 mundi
2522 3520 2694 3581 ωεστ·-

671 3617 766 3697 m’,
792 3617 1013 3692 ethaeo
1031 3642 1147 3715 per
1169 3621 1572 3713 probationes
1592 3620 1812 3694 allatas
1833 3621 2102 3698 refutata
2124 3625 2244 3694 est.

763 3781 924 3858 Inst,
964 3782 1028 3850 1⁰
1069 3780 1280 3865 Potuit
1321 3782 1604 3859 mundus
1635 3806 1673 3861 a
1709 3786 1840 3861 Deo
1882 3784 2084 3862 creari
2114 3788 2266 3860 ante
2306 3801 2501 3860 omne
2529 3794 2689 3855 iem-
