2988 4832
1283 466 1413 544 397
1781 502 1788 508 ·

309 560 710 673 impossibilis
724 548 750 663 Δς
784 545 940 676 ergo
960 546 1342 667 ,absolutum
1373 603 1725 658 necessario
1756 574 2005 675 concipi
2033 556 2220 653 debet
2242 568 2332 659 lia5

312 692 543 762 berum
566 689 851 760 libertate
897 691 1335 765 indifferentiae
1366 694 1475 786 (1).
1511 693 1657 762 Jam
1685 696 1902 760 autem

358 802 363 807 .
401 837 510 906 10.
554 835 836 937 Libertas
878 841 1313 933 indifferentioe
1354 843 1429 908 in
1458 841 1740 939 absoluto·
1762 834 2022 905 involvit
2047 804 2330 925 possi&-

315 945 550 1014 litatem
590 949 916 1017 creationis
960 950 1211 1038 proprie
1248 950 1426 1015 dictoe
1444 998 1461 1026 ,
1494 948 1543 1015 i.
1613 969 1674 1014 e.
1749 943 2080 1043 creationis
2110 943 2205 1011 rei
2251 962 2330 1011 ex

310 1053 509 1122 nihilo
545 1056 644 1124 sui
672 1066 735 1123 et
763 1054 1048 1145 subjecti.
1087 1054 1380 1146 Namque
1409 1056 1753 1135 absolutum
1773 1060 1911 1119 'non
1954 1064 2039 1119 est
2070 1052 2329 1119 liberum
2449 1048 2460 1053 “

307 1158 594 1230 libertate
634 1161 1072 1232 indifferentiae
1101 1164 1173 1229 in
1200 1163 1433 1230 actibus
1470 1163 1555 1227 ad
1587 1163 1762 1227 intra
1784 1211 1805 1238 ‚
1850 1159 1897 1227 i.
1967 1180 2028 1228 e.
2093 1182 2214 1229 nec
2258 1160 2360 1228 in·

309 1266 666 1356 cognitione
690 1269 788 1335 sui
806 1272 1228 1358 omniumque
1247 1252 1775 1357 cognoscibilium
1796 1316 1813 1344 ,
1843 1265 2054 1333 necin
2078 1264 2328 1356 agendo
2351 1266 2357 1275 ’

304 1374 412 1442 vel
449 1395 585 1463 non
629 1376 877 1465 agendo
906 1381 970 1443 et
1000 1380 1460 1464 consequenter
1490 1360 1712 1462 ⁵neque
1741 1373 1812 1441 in
1846 1373 2206 1443 exercenda
2235 1374 2362 1443 li--

304 1481 545 1552 bertate
581 1483 687 1550 vel
713 1504 850 1552 non
874 1482 1222 1551 exercenda
1246 1533 1265 1560 ‚
1312 1503 1524 1571 neque
1555 1481 1627 1547 in
1666 1478 1968 1548 omnibus
1996 1480 2120 1549 illis
2136 1533 2153 1559 ,
2191 1482 2329 1552 sine

305 1590 540 1680 quihus
566 1591 812 1658 infinite
849 1590 1205 1681 perfectum
1250 1609 1405 1657 non—
1437 1592 1618 1655 esset.
1664 1585 1849 1677 Ergo'
1868 1588 2215 1656 absolutum
2239 1602 2358 1657 est¹

307 1700 568 1766 liberum
600 1699 972 1766 solummodo
1001 1685 1081 1764 in
1104 1697 1348 1763 actibus
1387 1697 1473 1763 ad
1507 1707 1726 1773 extra,
1759 1694 1807 1762 i.
1851 1717 1910 1773 e,
1970 1696 2040 1765 in
2080 1699 2327 1766 mundo

304 1808 460 1877 reali
479 1806 890 1898 producendo
906 1805 1013 1874 vel
1034 1827 1168 1873 non
1191 1803 1603 1894 producendo
1621 1854 1638 1879 ,
1666 1803 1738 1869 in
1763 1803 2068 1874 volitione
2090 1808 2354 1877 mundi*

305 1916 413 1985 vel
435 1913 835 1983 non-mundi
853 1922 887 1991 ,’
919 1911 1061 1980 talis
1090 1911 1195 1980 vel
1228 1911 1484 1979 alterius
1505 1910 1754 1988 ,mundi
1792 1912 2094 2000 ponenda
2115 1964 2134 1991 ,
2172 1934 2327 1983 cum

309 2025 544 2093 scilicet
586 2022 885 2090 alteruter
929 2019 1245 2089 terminus
1289 2040 1470 2109 aeque
1498 2017 1694 2107 ipsius
1737 2016 2098 2089 libertatem
2134 2026 2328 2112 atque

309 2131 464 2202 adeo
495 2129 816 2199 infinitam
844 2129 1299 2218 perfectionem
1342 2126 1709 2216 compleat:
1733 2124 1929 2216 Ergo'
1955 2128 2325 2203 absolutum

308 2240 411 2311 vel
430 2239 797 2308 nullatenus
824 2242 918 2305 est
941 2236 1222 2304 liberum
1246 2286 1262 2313 ,
1313 2232 1487 2324 quod
1528 2239 1848 2324 repugnat
1897 2236 2030 2304 enti
2076 2237 2325 2307 infinite

306 2347 620 2438 perfecto:
668 2346 772 2413 vel
821 2344 1100 2411 liberum
1149 2348 1242 2410 est
1286 2364 1361 2410 eo
1412 2341 1625 2409 solum
1668 2363 1892 2421 sensu,
1928 2348 2002 2412 ut
2030 2349 2176 2412 actu
2207 2366 2323 2412 suo

306 2454 653 2525 necessario
681 2453 996 2522 volitionis
1029 2451 1221 2542 possit
1243 2449 1505 2518 tendere
1534 2450 1605 2518 in
1636 2451 1962 2521 mundum
1992 2453 2098 2522 vel
2142 2475 2325 2523 non-

302 2561 660 2641 mundum;
704 2561 752 2629 i.
808 2582 868 2627 e.
930 2564 1005 2626 ut
1028 2559 1223 2647 possit
1247 2580 1474 2624 creare.
1503 2556 1675 2647 Ergo
1701 2560 1994 2640 libertas,
2033 2560 2321 2630 absoluto

303 2670 695 2747 necessaria,
730 2668 986 2734 involvit
1002 2666 1469 2753 possibilitatem
1498 2668 1878 2733 creationis(

391 2795 572 2863 Idem
617 2793 861 2861 eruitur
911 2814 991 2859 ex
1038 2792 1287 2858 infinita
1319 2790 1597 2879 potentia
1645 2790 1939 2860 absoluti.
1993 2790 2163 2864 Nam
2193 2818 2324 2886 po-

303 2902 499 2971 tentia
526 2900 776 2967 infinita
816 2919 894 2965 ex
923 2898 1061 2987 ipsa
1096 2898 1352 2964 notione
1389 2916 1508 2961 sua
1546 2892 1732 2960 debet
1759 2896 1825 2961 id
1869 2918 2064 2965 omne
2093 2922 2313 2990 posse,

306 3008 478 3102 quod
504 3008 757 3076 nullam
778 3006 1044 3074 involvit
1065 3002 1625 3072 contradictionem
1656 3028 1673 3069 ε
1703 3002 1881 3092 atqui
1908 3006 2137 3074 creatio
2165 3030 2319 3097 pro-

305 3117 442 3211 prie
471 3114 637 3188 dicta
657 3113 907 3182 nullam
930 3111 1196 3182 involvit
1219 3109 1781 3179 contradictionem
1807 3108 1916 3200 (2);
1942 3132 2095 3202 ergo
2126 3113 2319 3183 etiam

305 3221 583 3316 potentia
616 3221 883 3293 absoluti
901 3270 921 3300 ,
967 3220 1095 3310 qua
1120 3219 1368 3289 infinita
1390 3270 1409 3297 ‚
1453 3240 1532 3287 ex
1562 3217 1701 3310 ipsa
1732 3216 1878 3291 ide&
1903 3220 2021 3291 sua
2048 3220 2319 3293 involvit

305 3328 778 3431 possibilitatem
806 3326 1158 3396 creationis,

358 3475 363 3482 Ν
395 3495 506 3571 11.
546 3493 736 3577 Quod
778 3497 831 3564 si
855 3481 994 3586 jam
1028 3496 1235 3586 logice
1276 3496 1645 3569 evolvamus
1680 3481 1891 3568 ideam
1924 3481 2214 3571 absoluti
2244 3502 2314 3572 in

369 3726 441 3797 (1)
472 3728 698 3797 Reliquas
729 3730 1038 3799 probationes
1067 3743 1157 3795 pro
1193 3733 1420 3781 libertate
1457 3732 1551 3782 Dei
1584 3733 1841 3786 “wei-enda
1873 3733 1983 3783 vide
2015 3732 2069 3784 in
2091 3711 2312 3794 modic.

308 3810 440 3861 Sect.
464 3810 550 3860 111.
587 3812 705 3874 cap.
738 3818 787 3865 2.
815 3815 918 3866 Art.
944 3818 990 3867 1.
1014 3814 1139 3877 Peg.
1170 3818 1261 3865 353
1286 3817 1487 3880 etseqffi

375 3889 442 3961 (2)
472 3890 600 4025 Ylido
629 3895 844 3954 cosmoc.
868 3898 998 3957 sect.
1018 3896 1062 3950 1.
1085 3894 1207 3964 cap.
1232 3898 1278 3952 ⁴.
1305 3896 1397 3954 ob·
1394 3901 1492 3957 eet.
1519 3900 1636 3951 iam
1659 3896 1779 3960 rag.
1798 3900 1874 3948 sc.
2044 3959 2130 4030 34
