2988 4832
2092 280 2111 316 δ

1231 455 1354 524 117

403 574 572 647 0131.
620 576 704 647 3⁰·
727 576 932 647 Amor
958 576 1293 647 beatorum
1332 580 1403 646 in
1456 575 1616 647 coelo
1671 575 1919 646 bonum
1972 570 2295 646 infinitum

286 686 577 754 intuitive
622 686 1142 778 cognoscentium
1162 737 1180 764 ,
1227 685 1343 753 etsi
1370 691 1548 754 actus
1597 683 1677 754 sit
1722 686 2108 755 necessarius
2125 730 2150 765 ‚
2206 689 2299 753 est

285 802 512 862 tamen
549 793 735 862 laude
764 794 996 885 dignus
1029 816 1105 863 ac
1128 792 1451 862 moraliter
1477 791 1782 861 honestus
1804 820 1824 874 ς
1866 814 2021 884 ergo
2045 790 2180 861 sine
2206 789 2301 861 li-

285 903 532 1076 Βετὲἶῑε
582 923 623 969 a
661 903 1023 971 necessitate
1078 902 1311 971 dantur
1358 906 1537 971 actus
1582 900 1905 971 moraliter
1945 899 2195 970 honesti
2236 900 2300 967 et

283 1007 403 1075 lau
521 1007 726 1098 digni.

383 1175 462 1245 R.
513 1179 597 1245 D.
648 1178 801 1245 Ant.
854 1177 1059 1246 Amor
1110 1178 1442 1248 beatorum
1473 1182 1542 1248 in
1574 1179 1735 1248 coelo
1780 1186 1874 1248 est
1899 1178 2202 1247 honestus
2239 1180 2300 1244 et

284 1279 480 1349 laude
523 1282 755 1372 dignus
784 1298 1022 1352 ratwne
1058 1285 1269 1373 objecti
1294 1338 1311 1364 ‚
1372 1288 1444 1355 C.
1477 1284 1630 1356 Ant.
1664 1288 1922 1353 Ratione
1948 1286 2176 1360 meriti,
2207 1285 2294 1350 N.

284 1389 447 1457 Ant.
485 1386 701 1457 Laude
748 1390 980 1481 dignus
1019 1400 1112 1461 est
1156 1394 1397 1460 ratione
1438 1392 1709 1495 objecti,
1753 1392 1798 1459 i.
1841 1414 1902 1459 e.
1935 1389 2096 1467 Dei,
2142 1410 2302 1480 qua-

284 1502 480 1562 tenus
519 1493 838 1586 objectum
866 1497 991 1567 hoc
1021 1502 1112 1566 est
1147 1499 1424 1566 maxime
1455 1518 1820 1588 congruum
1832 1497 2044 1587 ‚menti
2064 1497 2300 1563 huma-

284 1622 399 1670 nae
435 1622 656 1671 veram
684 1601 1048 1673 felicitatem
1076 1595 1447 1672 naturaliter
1483 1603 1805 1695 appetenti
1827 1652 1846 1681 ,
1899 1601 1994 1670 uti
2025 1608 2087 1668 et
2114 1601 2305 1671 arbor

281 1708 536 1776 [ructus
557 1707 674 1776 sibi
702 1710 1021 1779 naturales
1055 1710 1415 1802 producens
1445 1711 1687 1780 ratione
1718 1708 1945 1801 objecti
1983 1707 2170 1775 laude
2202 1708 2304 1774 di-

277 1836 427 1906 gna
465 1828 602 1892 est:
635 1840 788 1907 ergo
831 1818 1020 1888 laude
1064 1820 1297 1910 dignus
1343 1826 1439 1887 est·
1464 1870 1483 1899 ,
1533 1823 1845 1910 quatenus
1884 1816 2198 1908 perfectus
2243 1820 2306 1883 et

291 1922 555 2011 quidem
615 1923 947 2016 perfectior
992 1940 1084 1996 est
1118 1977 1135 2005 ‚
1196 1948 1392 2015 quam
1430 1947 1615 1996 amor
1664 1926 2030 2017 quicunque
2070 1925 2142 1993 in
2185 1918 2309 1992 hac

291 2041 426 2110 vita
461 2043 786 2113 exercitus.
818 2043 936 2112 Ast
968 2066 1102 2112 non
1137 2054 1230 2111 est
1259 2044 1607 2112 formaliter
1635 2040 1939 2110 honestus
1981 2043 2091 2108 aut
2119 2038 2308 2106 laude

294 2148 532 2240 dignus
560 2150 800 2220 ratione
823 2153 1078 2227 meriti,-
1105 2173 1257 2219 cum
1282 2152 1458 2219 enim
1483 2149 1647 2217 liber
1674 2170 1810 2217 non
1836 2148 1934 2224 sit,
1969 2147 2084 2214 etsi
2104 2169 2308 2235 squam

287 2256 571 2326 maxime
603 2250 998 2327 voluntariu's
1018 2309 1039 2337 ‚
1072 2259 1292 2348 nequit
1313 2258 1396 2325 ad
1423 2256 1685 2324 laudem
1719 2254 1827 2323 vel
1864 2254 1947 2322 ad
1970 2254 2309 2344 praemium

287 2363 616 2455 imputari.
651 2384 859 2455 neque
896 2362 1113 2436 Sancti
1131 2358 1247 2458 per
1274 2363 1462 2435 illum
1494 2360 1769 2454 amplius
1793 2361 2144 2453 quidquam
2166 2382 2310 2433 me-

284 2481 546 2542 rentur.

383 2642 751 2715 Generatim
794 2643 902 2733 hic
946 2642 1366 2713 adnotantum
1424 2651 1560 2723 est,
1636 2667 1880 2734 operar:
1928 2662 2109 2710 avere
2170 2664 2306 2711 non

292 2775 430 2823 esse
462 2774 710 2844 semper
734 2757 797 2821 et
828 2752 900 2821 in
930 2752 1228 2821 omnibus
1255 2751 1485 2819 melius
1516 2803 1534 2830 ,
1570 2774 1769 2842 quam
1820 2774 2064 2841 operam
2091 2754 2312 2818 volun-

290 2863 457 2930 tarie
482 2872 539 2927 et
562 2861 915 2928 necessario.
963 2857 1209 2956 Regula
1235 2866 1413 2928 enim
1440 2859 1842 2951 perfectionis
1873 2859 2188 2950 postulat,
2236 2865 2310 2926 ut

289 2966 617 3060 objectum
660 2988 778 3059 pro
827 2968 941 3036 sua
1004 2968 1304 3059 dignitate
1341 2972 1627 3049 ametur;
1664 2988 1859 3059 quare
1893 2967 1945 3034 si
1986 2966 2310 3056 objectum

289 3078 377 3147 sit
403 3072 648 3146 bonum
670 3075 1022 3154 summum,
1049 3078 1463 3166 purissimum
1488 3082 1552 3144 et
1574 3096 1827 3143 summe
1851 3072 2304 3145 necessarium.

289 3179 553 3257 summa
598 3183 787 3254 etiam
821 3186 1182 3254 necessitate
1211 3186 1414 3254 amari
1457 3183 1684 3265 debet3
1729 3167 1782 3253 s‘i
1810 3188 2030 3252 contra
2076 3181 2156 3250 sit
2182 3178 2317 3247 mi-

289 3314 424 3387 nus
463 3291 711 3361 bonum
736 3344 753 3373 ‚
793 3315 928 3361 non
961 3315 1201 3385 purum
1243 3315 1365 3362 nec
1418 3294 1847 3374 necessarium
1887 3343 1904 3371 ‚
1937 3291 2107 3360 illius
2136 3312 2317 3357 amor

285 3400 370 3469 in
438 3397 718 3468 dominio
780 3398 1096 3490 diligentis
1147 3407 1238 3469 est
1281 3454 1297 3480 ,
1353 3422 1430 3469 ac
1457 3400 1646 3492 proin
1699 3403 1895 3469 etiam
1945 3399 2150 3469 omitti
2189 3419 2319 3490 po-

290 3510 442 3575 test.
496 3504 589 3574 Ita
618 3505 791 3577 Deus
811 3509 1100 3600 *seipsum
1150 3509 1501 3578 necessario
1527 3562 1547 3587 ,
1599 3508 1721 3577 alia
1770 3491 1945 3576 extra
2000 3528 2068 3575 se
2119 3504 2320 3575 libere

279 3617 514 3693 amat,
554 3619 618 3683 et
644 3620 859 3684 tamen
893 3621 956 3685 et
985 3618 1243 3706 praecise
1265 3602 1596 3707 propterea
1624 3620 1802 3684 actus
1827 3613 2000 3682 illius
2028 3619 2122 3682 est
2143 3635 2319 3681 sem-

230 3775 239 3854 5
285 3742 416 3819 per
446 3720 519 3792 in
548 3742 614 3792 se
635 3742 712 3791 ac
741 3722 859 3792 sub
884 3727 1062 3794 omni
1095 3726 1335 3793 ratione
1365 3723 1891 3815 perfectissimus3
1930 3722 2081 3813 quia
2107 3743 2174 3792 se
2198 3743 2319 3791 ceu

275 3828 555 3906 honum
586 3850 918 3905 summum
941 3834 1291 3906 necessario
1314 3832 1530 3919 3fi11ita
1551 3853 1725 3914 vero,
1756 3834 1974 3925 utpote
2002 3827 2199 3900 relate
2239 3826 2322 3908 ad
2441 3836 2443 3840 ’

510 3965 600 3980 w
633 3965 645 3977 r
673 3967 746 3982 ‚mn
