2988 4832
336 584 1162 665 ferriadoentrumterrm
1208 581 1416 676 3·pro
1444 583 1685 655 viribus
1725 589 1789 655 ct
1822 592 2109 677 potenteis
2144 580 2363 658 antei·

337 702 400 764 et
432 696 704 786 passivis
736 692 903 762 entis
929 690 1289 781 cujuslibet.
1335 688 1441 760 Sic
1480 690 1589 760 ille
1643 682 1848 760 homo
1884 690 2162 767 debilem
2180 744 2204 775 ‚
2256 694 2367 767 hie

336 801 666 871 robustam
688 799 918 895 dicitur
948 798 1188 868 habere
1213 803 1517 868 naturam
1546 825 1563 880 ;
1600 803 1664 866 et
1690 798 1952 867 tandem
1985 799 2057 867 4⁶
2085 822 2205 892 pro
2236 805 2366 869 col-

337 909 586 976 lectione
630 909 904 974 omnium
940 906 1178 977 virium
1215 916 1239 987 ⁶,
1295 925 1442 997 qum
1498 903 1802 979 omnibus
1863 904 2116 976 entibus
2168 906 2367 997 hujus

335 1014 568 1084 mundi
613 1019 749 1083 tam
795 1013 1229 1083 materialibus
1262 1064 1280 1092 ‚
1346 1034 1548 1104 quam
1596 1012 2127 1083 immaterialibus
2172 1013 2367 1085 simul
2455 1076 2458 1080 .

336 1122 604 1215 sumptIs
627 1123 885 1200 insunt,
931 1125 1122 1212 atque
1173 1122 1302 1191 hoc
1328 1141 1522 1191 sensu
1569 1124 1831 1213 accepta
1887 1124 2120 1191 natura
2145 1120 2363 1191 vocari

337 1234 499 1305 solet
523 1240 758 1299 natura
783 1231 1101 1300 universas

422 1389 626 1465 Porro
653 1392 889 1470 harum
908 1389 1145 1463 virium
1175 1390 1514 1463 essentiam
1556 1390 1855 1460 infimam
1897 1409 2034 1459 non
2075 1411 2362 1484 cognos-

336 1498 575 1582 cimus,
600 1499 712 1573 sed
739 1499 975 1571 scimus
995 1520 1101 1570 eas
1120 1497 1477 1571 secundum
1497 1497 1672 1589 leges
1698 1518 1811 1567 seu
1833 1497 2092 1590 regulas
2115 1497 2361 1593 aliquas

336 1630 524 1702 agere
552 1634 587 1689 ,¹
630 1631 774 1700 quae
801 1619 1042 1675 naturoe
1077 1606 1226 1692 loyes
1269 1604 1571 1673 dicuntur
1600 1632 1620 1687 ;
1678 1609 1742 1673 et
1793 1604 1899 1674 vel
1946 1605 2364 1699 metaphysica

336 1721 523 1795 sunt,
569 1737 714 1806 quae
766 1719 1022 1784 mutuas
1073 1732 1417 1802 corporum
1469 1717 1536 1781 et
1582 1713 1922 1804 spirituum
1971 1714 2355 1783 mutationes

337 1823 763 1907 determinant
777 1874 795 1902 ,
830 1821 910 1890 de
933 1819 1165 1911 quihus
1187 1820 1595 1912 psychologia
1622 1821 1948 1891 rationalis
1999 1847 2018 1891 ε
2067 1821 2175 1891 vel
2216 1846 2358 1889 mo-

334 1935 494 2001 rales
519 1984 539 2014 ,
564 1935 744 2024 juxta
772 1950 929 2022 quas
946 1929 1164 1998 liberae
1189 1932 1496 1997 creaturae
1522 1951 1711 2020 agere
1730 1929 1964 1999 debent
1986 1981 2008 2010 ,
2048 1936 2123 1999 ut
2152 1930 2356 2002 finem

334 2062 526 2113 suum
549 2044 963 2131 assequantur
984 2085 1007 2121 ,
1041 2035 1148 2109 'uti
1188 2057 1324 2106 uon
1356 2035 1600 2117 surari;
1657 2035 1739 2111 de
1783 2037 2016 2130 quibus
2062 2036 2355 2111 Philoso-

336 2149 484 2239 phia
511 2149 830 2240 practicen
874 2145 981 2217 vel
1004 2142 1278 2215 demum
1299 2142 1567 2233 physicoe
1589 2193 1609 2225 .
1655 2142 1740 2216 de
1775 2144 2008 2235 quihus
2028 2146 2353 2239 speciatim

335 2251 603 2345 Physica
625 2306 642 2335 ,
673 2251 1025 2327 universim
1053 2250 1449 2344 Cosmologia
1474 2254 1727 2324 metat.
1747 2249 1967 2323 'Porro
2043 2342 2047 2347 .

327 2409 330 2413 ’
422 2415 560 2484 Lex
579 2415 836 2507 physica
865 2411 1094 2482 dicitur
1118 2413 1389 2504 regula:
1428 2411 1561 2502 qua
1585 2409 1658 2479 fit
1677 2420 1705 2491 ,‘
1750 2414 1826 2479 ut
1864 2409 1936 2479 in
1961 2409 2185 2481 iisdem
2216 2414 2351 2483 cir-

335 2525 722 2594 cumstantiis
762 2521 935 2590 idem
972 2520 1446 2612 phaenomenon
1496 2518 1565 2610 (i.
1608 2540 1671 2588 e.v
1719 2517 1985 2587 mutatio
2021 2541 2351 2612 &corporea

326 2651 553 2701 sensus
594 2634 842 2700 nostros
867 2626 1168 2719 afficiens)
1198 2630 1566 2699 constanter
1594 2625 2005 2718 producatur.
2061 2626 2347 2701 lavaria-

331 2735 472 2805 hilis
496 2737 1073 2828 phaenomenorum
1100 2755 1179 2804 ex
1203 2733 1304 2803 his
1329 2733 1580 2825 legibus
1604 2734 1967 2806 consecutio
1995 2758 2209 2806 cursus
2233 2761 2347 2812 na·-
2423 2775 2426 2776 ⁷

330 2857 486 2913 turae
509 2849 773 2914 vocatur
798 2891 818 2922 ,
842 2846 906 2910 et
925 2840 1232 2931 quoniam
1252 2846 1425 2912 certo
1444 2847 1732 2934 tempore
1759 2894 1778 2922 ‚
1804 2842 1996 2914 modo
2022 2844 2093 2914 in
2116 2845 2344 2921 iisdem

331 2950 793 3022 circumstantis
811 2947 1119 3018 uniformi
1132 2948 1489 3019 seeundum
1520 2949 1988 3043 dispositionem
2017 2956 2082 3019 et
2104 2974 2344 3026 nexum

329 3080 549 3129 rerum
574 3109 593 3138 ,
645 3057 819 3127 idem
865 3076 1116 3145 semper
1159 3053 1635 3146 phaenomenon
1684 3058 2089 3151 consequitur
2106 3111 2124 3138 ,
2187 3062 2342 3132 ordo

331 3166 594 3256 quidam
615 3170 679 3234 et
705 3163 1090 3235 successivus
1113 3168 1175 3232 et
1198 3166 1542 3236 coexistens
1567 3169 1884 3238 enascitur
1907 3219 1924 3247 ‚
1958 3170 2069 3260 qui
2098 3175 2343 3242 uatium

246 3323 253 3329 -
332 3274 485 3344 ordo
504 3272 884 3367 appellatur.
909 3276 1221 3348 uuatenus
1243 3272 1733 3366 huncnordinem
1752 3282 1978 3350 natura
1995 3278 2061 3350 in
2091 3278 2339 3369 agendo

330 3389 560 3459 servat.

414 3534 531 3605 His
556 3538 918 3629 praenotatis
945 3544 1072 3609 tres
1096 3540 1494 3634 potissimum
1528 3540 1903 3631 quaestiones
1937 3538 2019 3610 ad
2044 3546 2337 3616 nostrum

329 3644 543 3713 forum
574 3648 958 3738 pertinentes
983 3647 1090 3718 hic
1119 3648 1507 3719 resolvendae
1536 3654 1924 3728 occurrunt,
1967 3649 2278 3723 nimirum
2312 3680 2329 3722 ε
2423 3682 2457 3714 υ

318 3751 400 3819 ·1·
422 3775 505 3821 an
540 3760 600 3821 et
630 3755 783 3845 quid
811 3757 936 3824 sint
953 3757 1125 3847 leges
1147 3762 1390 3825 naturae
1417 3810 1432 3835 ‚
1472 3763 1537 3824 et
1559 3755 1708 3825 inde
1733 3807 1751 3834 ‚
1780 3778 1865 3824 an
1892 3764 2159 3828 eventus
2182 3782 2335 3830 cou-

333 3862 426 3926 tra
449 3860 544 3928 vel
580 3867 813 3953 praeterf
835 3864 950 3933 has
975 3865 1148 3955 leges
1171 3866 1239 3935 in
1270 3863 1515 3933 mundo
1545 3886 1845 3956 corporeo
1874 3866 1996 3937 sint
2029 3866 2097 3937 2·
2123 3867 2333 3959 possi-
