2988 4832
788 588 869 660 R.
905 588 996 660 N.
1035 590 1188 659 Ant.
1233 576 1658 661 Misericordia
1702 590 1881 659 enim
1922 593 2016 657 est
2041 607 2188 682 pars
2220 583 2529 676 gbonitatis
2560 611 2631 660 re
2639 606 2724 659 s-

700 699 1007 792 pectivae:
1042 698 1222 789 atqui
1247 699 1315 768 vi
1356 697 1652 768 honitatis
1699 696 2061 791 re'spectivae
2087 694 2262 765 Deus
2294 694 2430 765 non
2459 704 2725 767 tenetur

700 806 903 875 finem
950 804 1284 901 imponere
1327 806 1694 900 suppliciisg
1753 810 1906 898 ergo
1927 806 1930 809 ’
1949 798 2071 875 nec
2125 805 2192 873 vi
2242 804 2693 875 misericordiae
2707 858 2724 874 .

702 911 1030 982 Caeterum
1063 917 1320 1006 tempus
1337 914 1789 993 ffliseric'ordiae
1821 918 1919 982 est
1946 913 2076 981 vita
2102 933 2402 1010 praesenS,
2441 913 2512 980 in
2548 914 2683 1003 qua
2707 962 2726 989 ,

700 1042 858 1115 cum
872 1088 873 1091 ,
888 1021 1287 1091 voluntatem
1314 1021 1623 1115 peccandi
1663 1026 2003 1092 retractare
2046 1020 2358 1112 possimus
2378 1069 2399 1098 ,
2436 1018 2614 1089 Deus
2649 1040 2729 1089 ex
2815 1022 2825 1034 ⁰

700 1129 1309 1211 misericordianon
1332 1131 1544 1199 solum
1566 1131 1769 1225 parcit
1789 1127 2241 1221 peccatoribus,
2265 1126 2377 1197 sed
2403 1147 2511 1197 eos
2532 1128 2732 1197 etiam

699 1235 782 1304 ad
798 1239 1282 1309 conversionem
1302 1240 1554 1318 excitat,
1574 1238 1708 1308 imo
1726 1259 1948 1330 poenas
1962 1241 2230 1307 aeternas
2248 1242 2583 1328 propterea
2596 1236 2727 1304 mi-
2819 1232 2826 1241 ‘

700 1350 921 1426 natur,
945 1351 1018 1413 ut
1060 1367 1100 1416 a
1118 1351 1384 1438 peccato
1418 1352 1562 1415 tum
1594 1351 1875 1424 avertat,
1908 1350 2050 1414 tum
2070 1344 2278 1436 lapsos
2297 1349 2552 1435 revocet
2572 1366 2595 1411 .·
2635 1348 2732 1412 ast

698 1451 830 1520 vita
841 1452 1054 1522 sutura
1065 1455 1247 1544 juxta
1265 1453 1562 1522 ordinem
1595 1453 2007 1544 providentiae
2025 1458 2118 1523 est
2139 1458 2394 1544 tempus
2407 1450 2674 1542 justitiae
2711 1480 2729 1521 ε

705 1565 1190 1631 consummatus
1233 1560 1412 1630 enim
1459 1566 1553 1631 est
1591 1583 1815 1631 cursus
1858 1559 2117 1630 cuilibet
2168 1561 2520 1650 assignatus
2542 1612 2561 1639 ‚
2616 1561 2733 1652 qui

704 1672 951 1737 metam
993 1666 1258 1738 feliciter
1281 1667 1522 1760 attigit,
1570 1660 1836 1762 praemio
1857 1671 2234 1749 coronatum
2274 1667 2566 1758 quivero
2591 1667 2734 1737 cul-

701 1773 788 1863 pa
827 1775 943 1842 sua
977 1782 1128 1842 non‘
1165 1772 1408 1866 attigit,
1449 1777 1589 1866 jam
1632 1779 1873 1845 metam
1917 1775 2109 1843 aliam
2154 1783 2298 1842 non·
2343 1771 2537 1843 habet
2562 1824 2582 1854 ,
2654 1772 2733 1842 ad

700 1902 902 1972 quam
932 1884 1148 1950 currat
1169 1930 1195 1973 ,7
1233 1881 1345 1954 sed
1381 1887 1547 1953 sorte
1572 1883 1689 1952 sua
1725 1888 2041 1953 aeternum
2082 1881 2342 1952 excidit.

791 2062 960 2144 1095
989 2070 1242 2146 PRops
1283 2070 1379 2143 V.‘
1420 2073 1729 2144 Amnum
1780 2091 1977 2143 vum
2041 2090 2351 2143 mmmm
2392 2092 2533 2142 ussa
2595 2093 2730 2143 nm

698 2206 965 2262 mmmm
1005 2178 1253 2274 Porum*
1281 2207 1409 2262 'mu
1437 2209 1749 2261 PnAEcmm
1782 2210 2044 2260 numm:
2087 2207 2384 2259 unncnms
2422 2209 2553 2259 ‘rm
2593 2209 2729 2256 va-

699 2303 844 2376 umi
885 2326 1259 2380 nemum
1283 2328 1369 2379 nx
1389 2328 1542 2378 som
1564 2331 1833 2379 numm:
1858 2328 2209 2381 Ansrnumu·
2226 2358 2246 2387 ,
2282 2328 2361 2374 m·
2400 2325 2517 2375 msr
2562 2326 2731 2375 rnn-

602 2489 608 2502 ,
701 2424 1063 2507 ‘tumn-mx}
1089 2444 1444 2498 nument
1469 2446 1639 2500 mo
1664 2447 1890 2501 Possrr.

787 2606 981 2674 Proh.
1029 2604 1125 2674 1¹⁰²
1159 2629 1328 2697 pars,
1367 2606 1648 2677 RA'rroim
1684 2628 2009 2679 uancnms.

790 2784 858 2852 1⁰
895 2785 1010 2852 Ex
1040 2784 1336 2851 desiderio
1374 2773 1797 2856 beatitudini&
1835 2783 2008 2857 Nam
2035 2786 2419 2859 desiderium
2439 2786 2709 2859 beatitu-

701 2877 866 2949 dinis
905 2930 924 2959 ,
993 2878 1123 2971 quo
1166 2902 1392 2950 omnes
1436 2882 1733 2951 homines
1780 2889 2143 2953 constanter
2189 2891 2253 2962 et
2315 2886 2725 2955 uniformiter

699 2985 982 3078 adeoque
1015 3008 1056 3056 a
1098 2990 1330 3057 natura
1367 2989 1483 3059 sua
1534 2989 1808 3081 flagrant
1834 3040 1855 3069 ‚
1903 2997 1999 3059 est
2029 2989 2409 3060 desiderium
2444 2990 2729 3061 beatitu-

699 3092 868 3163 dinis
888 3094 1199 3186 ssperfectae
1215 3146 1236 3175 ‚
1266 3096 1314 3164 i.
1354 3116 1418 3166 e.
1450 3110 1597 3187 quae
1628 3117 1707 3165 ex
1747 3098 1928 3166 omni
1967 3102 2149 3189 parte
2190 3118 2309 3167 nos
2338 3096 2515 3167 satiet
2548 3124 2566 3167 z
2620 3104 2726 3167 at-

700 3199 815 3289 qui
849 3199 1168 3271 beatitudo
1205 3203 1293 3271 ita
1331 3203 1610 3294 perfecta
1642 3203 1777 3272 esse
1808 3206 2029 3294 nequit
2055 3255 2077 3284 ‚
2127 3203 2251 3274 nisi
2301 3203 2379 3273 sit
2419 3208 2665 3274 aeterna
2700 3257 2719 3283 ‚

700 3326 856 3375 cum
885 3313 1050 3379 certe
1064 3361 1082 3389 ‚
1120 3309 1176 3379 si
1220 3309 1672 3381 conscientiam
1700 3313 1986 3384 nostram
2017 3311 2486 3401 interrogemus
2510 3361 2529 3390 ,
2582 3308 2728 3379 haec

701 3432 820 3485 nos
837 3428 1073 3485 oeternae
1095 3415 1500 3489 beatitudinis
1515 3425 1578 3488 et
1589 3417 1853 3509 quidem
1868 3417 2319 3489 invincibiliter
2344 3416 2561 3488 avidos
2589 3439 2726 3487 esse

684 3527 1005 3607 „testatum
1041 3546 1194 3617 ergo
1211 3579 1230 3606 ,
1276 3527 1399 3596 nisi
1449 3531 1689 3596 aeterna
1725 3526 1803 3593 sit
1857 3524 2179 3595 beatitudo
2201 3576 2221 3606 ,
2267 3546 2439 3594 omne
2468 3523 2730 3594 deside-

702 3630 875 3702 rium
894 3623 1191 3702 hominis
1218 3633 1509 3703 naturale
1548 3652 1683 3702 non
1728 3632 2099 3704 satiaretur:
2129 3633 2305 3725 atqui
2351 3639 2672 3725 repugnat
2697 3685 2724 3712 ,

703 3742 778 3806 ut
819 3735 992 3809 Deus
1013 3790 1033 3822 ,
1091 3746 1309 3833 utpote
1359 3762 1614 3813 summe
1655 3763 1849 3812 verax
1890 3749 1955 3813 et
2004 3742 2251 3836 sapiens
2277 3793 2299 3821 ,
2334 3739 2718 3811 desiderium

703 3847 992 3952 naturale
1041 3847 1327 3954 adeoque*
1355 3850 1436 3956 ab
1460 3852 1599 3973 ipso
1628 3850 1907 3960 inditum
1942 3850 2182 3947 absque
2224 3848 2415 3946 culpa
2440 3839 2721 3930 hominis
