2988 4832
1236 514 1396 602 313*

314 642 558 736 &eoque
589 642 852 713 totidem
871 640 977 713 Dii
1011 668 1031 713 t
1068 646 1242 734 atqui
1263 644 1438 714 Deus
1465 643 1702 714 unicus
1727 650 1843 715 est.
1895 644 2059 717 Dein
2098 655 2305 739 partes

296 750 395 822 hae
441 757 648 821 essent
688 758 897 844 partes
937 751 1124 820 totius
1175 751 1295 821 Dei
1337 774 1416 820 ex
1454 752 1826 844 hypothesi,
1862 761 1923 821 et
1952 756 2141 824 simul
2169 780 2299 825 non

290 866 503 929 essent
520 866 726 952 partes
757 888 775 933 z
802 881 953 929 cum
978 860 1216 950 quaevis
1236 864 1394 926 esset
1413 863 1621 927 totum
1641 842 2028 952 cofnpletum
2044 913 2066 944 ,
2089 870 2303 956 utpote

287 970 581 1049 infinita3
624 968 703 1037 de
742 968 984 1036 ratione
1023 967 1216 1058 partis
1244 972 1459 1035 autem
1500 968 1622 1040 sit.
1655 989 1787 1037 esse
1815 969 2298 1062 incompletum.

291 1072 522 1166 Neque
564 1078 787 1163 aliqua·
830 1075 909 1141 ab
955 1075 1124 1153 alio,
1169 1075 1312 1141 aliae
1337 1098 1382 1141 a
1423 1097 1485 1141 se
1505 1098 1531 1153 ,-
1563 1079 1706 1143 tum
1747 1075 1897 1166 quia
1928 1099 2108 1147 secus
2133 1078 2305 1148 Deus

289 1188 452 1250 esset
473 1184 876 1273 imperfectus
900 1235 917 1260 ‚
952 1187 1054 1260 et,
1080 1187 1293 1273 utpote
1322 1182 1557 1273 partim
1586 1181 1669 1250 ab
1689 1182 1813 1251 alio
1837 1235 1856 1262 ,
1895 1183 2260 1277 dependens
2282 1215 2298 1265 ς

289 1295 434 1358 tum
460 1292 608 1381 quia
634 1294 841 1381 partes
866 1289 949 1358 ab
979 1290 1102 1357 alio
1126 1296 1332 1358 essent
1358 1290 1700 1380 superfluae
1727 1341 1747 1371 ,
1795 1313 1949 1360 cum
2000 1293 2137 1363 sine
2182 1294 2305 1362 illis

283 1399 423 1488 jam
452 1396 793 1466 haberetur
814 1397 1062 1466 infinita
1089 1400 1385 1487 perfectio
1403 1448 1427 1478 ,
1460 1418 1614 1488 ergo
1620 1447 1755 1467 .....
1808 1397 2031 1488 Neque
2055 1409 2300 1468 constat

287 1505 346 1595 h)
373 1530 453 1573 eoe
477 1508 738 1574 materia
763 1519 819 1574 et
846 1508 1071 1593 forma.
1107 1502 1366 1573 Materia
1395 1505 1571 1572 enim
1598 1555 1616 1583 ,
1650 1510 1865 1595 utpote
1893 1507 2303 1574 essentialiter

289 1614 636 1704 composita
672 1617 734 1680 et
778 1618 1034 1681 extensa
1063 1663 1080 1692 ,
1126 1613 1348 1702 nequit
1385 1633 1518 1679 esse
1548 1610 1817 1681 infinita.
1877 1610 2043 1681 Dein
2077 1610 2248 1681 Deus
2281 1667 2295 1690 ‚

287 1727 507 1813 utpote
526 1726 746 1789 auctor
769 1721 1016 1788 entium
1047 1718 1540 1810 intelligentium
1567 1769 1587 1797 ,
1620 1722 1974 1788 necessario
1997 1726 2089 1788 est
2112 1722 2299 1789 etiam

287 1830 423 1920 ipse
443 1829 803 1920 intelligens
832 1856 851 1909 ;
894 1828 1173 1896 materiae
1214 1833 1431 1896 autem
1470 1826 1752 1895 absolute
1777 1821 2094 1919 repugnat
2121 1830 2309 1919 cogi-

286 1937 439 2005 tatio
466 1964 485 2018 ς
516 1959 670 2028 ergo
695 1934 868 2004 Deus
890 1957 1027 2005 non
1053 1940 1252 2027 potest
1275 1934 1578 2025 componi
1602 1956 1678 2002 ex
1699 1935 1963 2002 materia
1985 1940 2048 2003 et
2067 1936 2300 2007 forma.

285 2042 513 2135 Neque
542 2043 592 2134 c)
621 2068 699 2111 ex
725 2044 981 2132 subjecto
1002 2056 1057 2111 et
1080 2046 1399 2111 accidenti.
1456 2042 1627 2110 Nam
1650 2041 1942 2110 accidens
1955 2047 2048 2109 est
2069 2093 2090 2120 ,
2131 2041 2306 2131 quo&

249 2228 254 2232 ,
288 2153 637 2222 substantia
667 2157 967 2223 manente
1004 2153 1208 2220 amitti
1235 2156 1297 2222 et
1323 2151 1521 2240 recipi
1553 2154 1754 2241 potest
1803 2175 1819 2218 ε
1866 2150 2040 2239 atqui
2071 2150 2141 2216 in
2166 2148 2306 2219 Deo

290 2263 506 2331 omnia
530 2268 679 2329 sunt
701 2261 1049 2329 necessaria
1078 2266 1140 2327 et
1169 2257 1591 2338 immutabilia
1606 2308 1628 2337 ,
1660 2279 1814 2349 ergo
1840 2257 2099 2325 nullum
2126 2258 2306 2325 acci--

289 2371 470 2440 dens.
526 2370 697 2462 Ergo
726 2369 1015 2460 inprimis
1048 2365 1219 2435 Deus
1254 2373 1346 2436 est
1373 2365 1686 2435 immunis
1713 2364 1795 2433 ab
1817 2365 2000 2434 omni
2027 2386 2299 2455 compo—

284 2481 512 2548 sitione
542 2478 826 2569 physica.
877 2475 1129 2546 Verum
1149 2482 1242 2546 est
1262 2478 1453 2546 etiam
1478 2474 1789 2545 immunis
1808 2473 1890 2542 ab
1913 2473 2093 2544 omni
2120 2494 2300 2542 com-

199 2616 206 2619 <
285 2588 599 2678 positione

376 2747 447 2816 2⁰
488 2750 927 2839 Metaphysicd.
954 2748 1123 2817 Nam
1143 2749 1204 2838 a)
1235 2770 1370 2816 non
1388 2752 1632 2815 constat
1652 2768 1730 2814 ex
1751 2748 2027 2835 potentia
2048 2758 2105 2812 et
2128 2758 2294 2813 actu.

281 2855 457 2925 Nam
493 2854 665 2924 Deus
692 2863 786 2925 est
811 2854 1228 2924 immutabilis
1255 2881 1272 2923 ε
1311 2855 1486 2944 atqui
1515 2855 1726 2921 omnis
1772 2853 2055 2941 potentia
2081 2853 2301 2919 invol-

280 2966 379 3032 vit
402 2964 872 3055 possibilitatem
900 2961 1273 3032 transeundi
1300 2960 1383 3029 ad
1410 2965 1626 3028 actum
1649 3010 1666 3037 ‚
1703 2956 1984 3047 adeoque
2018 2956 2298 3024 mutabi-

282 3073 531 3142 litatem
556 3101 574 3155 ;
616 3096 770 3164 ergo
777 3123 909 3143 .....
943 3070 1167 3161 Neque
1190 3070 1268 3159 b)
1298 3093 1379 3135 eoe
1410 3068 1664 3134 essentia
1693 3115 1712 3144 ,
1748 3065 2075 3132 existentia
2103 3076 2160 3129 et
2189 3076 2300 3128 at·-

285 3183 566 3250 tributis.
606 3179 776 3250 Nam
804 3184 877 3248 in
896 3193 1025 3249 ente
1051 3205 1093 3247 a
1117 3202 1177 3245 se
1214 3177 1479 3245 essentia
1507 3225 1527 3253 ,
1561 3173 1884 3242 existentia
1910 3176 1974 3238 et
2006 3168 2300 3237 attributa

282 3289 463 3365 idem
494 3311 749 3380 prorsus
777 3296 930 3357 sunt
953 3342 969 3369 ‚
1006 3310 1126 3358 nec
1161 3309 1295 3354 una
1322 3285 1404 3353 ab
1430 3284 1569 3352 aliis
1590 3282 1866 3373 separari
1893 3281 2114 3369 potest,
2148 3298 2300 3344 cum

281 3398 361 3465 in
406 3402 551 3465 ente
582 3398 933 3466 necessario
969 3391 1235 3466 essentia
1275 3394 1352 3461 sit
1402 3391 1687 3460 absoluta
1720 3384 2022 3456 existendi
2047 3390 2112 3453 et
2142 3384 2300 3473 qui-

282 3506 441 3574 dem
468 3502 595 3575 hoc
626 3506 1044 3594 determinato
1087 3500 1281 3572 modo
1331 3523 1444 3569 seu
1474 3521 1627 3567 cum
1664 3497 1764 3564 his
1794 3493 2102 3562 attributis
2129 3492 2301 3558 exis-

281 3614 466 3683 tendi
494 3617 847 3684 necessitas,
883 3611 1017 3682 Nec
1044 3611 1110 3702 c)
1143 3636 1223 3678 eoe
1252 3631 1460 3698 qenere
1488 3620 1545 3674 et
1569 3603 1943 3695 differentia.
1994 3598 2164 3668 Nam
2189 3621 2299 3666 ea-

289 3723 482 3805 tenus
501 3722 676 3799 Deus
702 3728 1017 3794 constaret
1041 3741 1119 3789 ex
1152 3739 1386 3815 genere
1425 3719 1489 3783 et
1536 3710 1887 3785 differentia
1921 3717 1969 3813 ’,α
1990 3713 2301 3798 quatenus

290 3824 370 3892 in
402 3823 536 3914 ipso
590 3832 835 3923 concipi
878 3833 1085 3921 posset
1127 3827 1339 3916 aliqua
1392 3827 1543 3892 nota
1580 3817 1950 3896 essentiam,
1986 3815 2115 3906 qua
2148 3834 2300 3883 cum

285 3931 616 4030 speciebus
668 3939 729 4013 et
780 3934 1119 4015 individuis
1158 3935 1295 4024 aliis
1350 3930 1751 4017 conveniret,
1806 3933 1871 4001 et
1918 3924 2132 4093 εὲξῃιο,
2172 3921 2299 4024 ⁴alia

473 4053 515 4100 ΙΙ
1355 4059 1362 4066 ·
1676 4066 1679 4069 ’
1736 4042 1792 4079 '⁸⁸
