2988 4832
366 578 493 651 hile
518 632 539 662 ,
573 583 748 677 'quod
772 574 1029 656 existere
1053 576 1254 678 potest
1277 613 1296 668 ς
1341 591 1453 655 sed
1478 581 1642 657 nihil
1670 578 1928 659 existere
1955 582 2155 678 potest
2174 634 2202 663 .Ὶ
2241 580 2365 658 nisi

360 691 577 773 0111110,
612 717 757 784 quae
777 696 1166 764 existentiam
1188 695 1342 764 dare
1363 694 1559 786 possit
1594 719 1614 764 1
1647 696 1830 764 nulla
1862 699 2077 763 autem
2099 692 2196 761 vis
2232 689 2368 758 ext·

360 799 656 868 stentiam
677 801 830 870 dare
868 807 1107 893 potest,
1136 800 1259 870 nisi
1289 805 1511 870 noscat
1536 805 1600 869 et
1618 800 1928 888 intelligat
1965 800 2030 869 id
2055 850 2075 879 ,
2108 798 2214 868 cui
2232 798 2362 866 exi-

356 898 658 975 stentiam
689 904 840 976 dare
873 909 1065 989 velit3
1101 929 1254 998 ergo
1286 907 1451 975 nihil
1461 907 1727 975 existere
1748 913 1970 998 potest,
2010 905 2133 974 nisi
2155 907 2233 973 sit
2271 906 2367 973 vis

360 1012 775 1106 intelligens3
815 1038 970 1106 ergo
998 1026 1305 1105 conceptus
1335 1013 1723 1104 possibilium
1764 1015 2020 1082 involvit
2056 1017 2128 1080 in
2149 1036 2211 1080 se
2245 1035 2369 1079 m·-
2474 1076 2478 1083 ⁴

358 1120 585 1189 tionem
610 1124 705 1189 vis
731 1123 1150 1210 intelliqemis.
2325 1138 2332 1149 “

356 1297 371 1303 ’
449 1295 650 1366 Ρο110
679 1296 819 1365 haec
844 1297 939 1366 vis
984 1305 1078 1366 est
1105 1296 1377 1370 infinita.
1413 1297 1587 1370 Nam
1632 1298 1926 1392 inprimis
1955 1301 2048 1367 est
2075 1297 2171 1366 vis
2195 1317 2239 1364 a
2264 1316 2326 1364 se
2345 1317 2373 1366 .·

358 1403 411 1471 si
447 1404 624 1471 enim
652 1424 785 1470 non
817 1407 977 1471 esset
998 1427 1040 1471 a
1063 1427 1122 1470 se
1142 1453 1159 1484 ,
1195 1412 1354 1474 esset
1380 1408 1457 1474 ab
1481 1410 1634 1487 alio,
1668 1407 1952 1497 adeoque
1971 1411 2034 1473 et
2064 1405 2198 1494 ipsa
2222 1424 2376 1494 pos-

354 1509 556 1578 'sibilis
601 1511 856 1586 suisset:
889 1532 1041 1601 ergo
1070 1532 1203 1579 non
1249 1517 1410 1581 esset
1441 1513 1731 1581 ultimate
1763 1515 1922 1581 ratio
1953 1510 2366 1603 possibilium.

362 1612 537 1684 Dein
590 1617 905 1706 possibilia
945 1618 1031 1684 ita
1081 1619 1478 1709 concipimus
1529 1619 1848 1710 possibilia
1872 1667 1892 1697 ‚
1925 1624 1999 1686 ut
2035 1638 2373 1709 nunquam

363 1730 623 1791 tantum
653 1746 1001 1793 numerum
1055 1726 1303 1793 entium
1349 1724 1609 1794 existere
1648 1726 1979 1817 concipere
2009 1724 2321 1817 possimus
2348 1772 2367 1802 ,

360 1832 534 1899 ultra
560 1854 755 1921 quem
785 1854 921 1900 non
948 1833 1137 1925 plura
1187 1831 1491 1901 continuo
1522 1832 1648 1901 alia
1683 1832 2002 1924 possibilia
2040 1833 2110 1901 in
2137 1828 2380 1900 indefi-

356 1939 574 2007 nitum
607 1940 1088 2030 concipiamus,·
1119 1959 1273 2030 ergo
1302 1943 1645 2030 conceptus
1676 1940 2067 2031 possibilium
2111 1941 2375 2010 involvit

361 2046 702 2114 notionem
730 2046 988 2114 rationis
1015 2047 1113 2115 sui
1139 2048 1429 2116 infinitae.
1478 2044 1550 2115 Si
1591 2048 1769 2115 enim
1783 2049 1956 2115 -ratio
1983 2047 2375 2138 possibilium

244 2217 249 2222 .
354 2158 526 2220 esset
549 2151 729 2220 finita
752 2202 769 2230 ,
800 2153 979 2222 finito
1020 2155 1228 2222 solum
1276 2173 1549 2222 numero
1575 2153 1967 2245 possibilium
2015 2155 2369 2235 sufficeret,

359 2264 537 2332 ultra
562 2283 757 2352 quem
785 2262 922 2331 aliis
948 2262 1345 2353 possibilibus
1365 2262 1759 2329 existentiam
1784 2262 1937 2329 dare
1961 2283 2096 2331 non
2117 2268 2324 2353 posset
2351 2291 2369 2342 ;

361 2392 521 2464 ergo
547 2370 689 2441 haec
720 2391 857 2441 non
878 2375 1084 2440 essent
1104 2368 1442 2462 possibilia,
1482 2368 1633 2459 quia
1662 2367 1746 2438 ob
1774 2366 2089 2438 desectum
2116 2369 2377 2440 rationis

361 2479 466 2548 sui
491 2478 749 2549 existere
784 2500 917 2546 non
939 2482 1237 2570 possent:
1270 2477 1449 2568 atqui
1477 2475 1862 2568 impossibile
1885 2475 2068 2545 nobis
2100 2483 2194 2546 est
2216 2500 2374 2546 con-

360 2588 574 2678 cipere
614 2608 964 2657 numerum
985 2585 1381 2678 possibilium
1426 2604 1561 2653 esse
1598 2585 1851 2653 finitum
1873 2636 1896 2665 ,
1937 2586 2087 2677 quia
2109 2585 2280 2676 quod
2304 2589 2377 2651 ut

362 2691 465 2762 bis
490 2693 783 2785 possibile
817 2694 1149 2783 concipere
1175 2710 1512 2783 possumus
1539 2742 1558 2771 ‚
1594 2692 1945 2762 necessario
1972 2692 2046 2760 in
2071 2691 2377 2761 indefini-

364 2806 509 2867 tum
532 2797 826 2891 possibile
853 2800 1247 2890 concipimus
1275 2826 1293 2878 ;
1329 2819 1482 2887 ergo
1523 2797 1620 2866 vis
1647 2819 1763 2867 seu
1792 2799 1962 2867 ratio·
1982 2797 2375 2889 possibilium

365 2912 461 2974 est
482 2905 755 2983 infinita,
808 2909 872 2972 et
902 2926 979 2971 ex
1025 2903 1407 2993 praecedenti
1426 2901 1787 2992 intelligens
1809 2930 1829 2983 ;
1869 2925 2023 2993 ergo
2071 2917 2376 2994 conceptus

368 3012 725 3101 possibiliun
740 3011 996 3076 involvit
1026 3011 1097 3076 in
1133 3033 1194 3076 se
1220 3007 1522 3075 notionem
1540 3008 1805 3077 rationis
1825 3030 1928 3078 seu
1947 3011 2102 3077 entis
2133 3011 2378 3100 infinite

369 3122 464 3206 im
478 3119 802 3207 elliq'entis.
828 3133 841 3138 “
1227 3127 1232 3135 ’

360 3366 475 3418 Ἰ1300
492 3372 718 3431 putemus
746 3370 937 3435 concipi
953 3368 1008 3422 in
1023 3373 1155 3424 statu
1187 3372 1527 3426 abstractionis
1563 3377 1616 3426 et
1647 3373 1703 3425 in
1726 3384 1925 3439 genere.
1947 3368 2083 3422 Deus
2111 3367 2250 3419 enim
2271 3379 2382 3419 11011·

368 3438 519 3488 habet
535 3441 667 3491 ideas
685 3443 968 3507 abstractas,
982 3445 1070 3494 sed
1088 3459 1204 3496 cum
1225 3448 1565 3509 possibilitates
1587 3458 1760 3496 omncs
1783 3444 2045 3495 individuas
2064 3440 2164 3489 sint
2188 3438 2244 3487 in
2270 3438 2379 3494 Deo

369 3510 470 3570 qua
492 3510 611 3562 ideas
632 3515 932 3576 exemplares
952 3529 1123 3568 rorum
1147 3518 1458 3581 creabilium,
1490 3516 1731 3581 genericae
1756 3520 1921 3566 autem
1943 3519 2070 3564 notae
2085 3512 2236 3563 simul
2264 3523 2381 3560 cum

368 3581 511 3631 notis
534 3582 912 3636 individualibus
933 3589 1229 3639 constituant
1243 3588 1456 3650 cujusvis
1490 3587 1737 3638 individui
1758 3586 2145 3651 possibilitatem,
2168 3585 2243 3634 uti
2265 3597 2317 3633 v.
2346 3595 2383 3644 g·

369 3656 501 3702 110110
530 3656 768 3731 generiem
798 3658 1113 3708 animalitatis
1136 3661 1187 3709 et
1218 3659 1558 3709 rationalitatis
1598 3658 1749 3708 simul
1771 3670 1887 3706 cum
1923 3656 2050 3706 notis
2072 3656 2221 3705 Petro
2260 3668 2380 3717 pro·

370 3722 491 3784 ‘riis
517 3722 718 3777 Petrum
740 3730 1040 3797 possibilem,
1061 3730 1301 3795 sequitur,
1325 3731 1477 3781 etiam
1497 3730 1589 3782 has
1609 3732 1747 3780 notas
1766 3763 1784 3791 ‚
1812 3741 1923 3791 quoe
1956 3740 1987 3777 a
2021 3726 2162 3778 nobis
2184 3726 2239 3776 in
2262 3727 2379 3775 abs-

371 3794 734 3916 ffffftqdwncipi
755 3805 972 3870 ponunt,
992 3801 1054 3854 inv
1069 3802 1174 3855 nco
1192 3802 1434 3857 contineri
1453 3801 1664 3855 mensas
1696 3804 1755 3853 1η
1773 3802 1878 3866 ipsa
1898 3797 2011 3854 idea
2045 3799 2380 3866 possibilitatis

374 3876 427 3915 111
462 3882 528 3916 m
566 3884 759 3926 uorum.
2369 3915 2373 3923 Δ

553 3964 597 4010 11
1266 3923 1269 3928 ’
2019 3947 2103 4016 19
