2988 4832
1232 546 1310 619 51

371 665 456 739 Β.
502 671 591 739 Β.
624 667 794 758 maj.
841 663 1023 738 Ratio
1051 664 1351 738 abhm-ret
1374 663 1751 738 adualismo
1787 664 2048 760 proprie
2078 658 2315 793 dietoq

289 777 353 845 vi
395 778 585 867 eujus
613 775 743 845 dno
793 773 878 844 ab
916 775 1200 846 invicem
1236 772 1532 845 distincta
1569 774 1883 866 principia
1913 792 2136 846 rernm
2162 778 2312 843 sta-⁶.

288 888 596 964 muniar,
646 881 931 975 adeoque
978 882 1247 953 materia
1293 886 1533 952 aeterna
1562 887 1637 952 ut
1662 882 2054 1008 principium
2082 880 2310 974 passi-

286 1012 430 1058 vum
452 1042 470 1070 ,
512 987 689 1061 Deus
735 1008 849 1059 seu
904 989 1157 1082 spiritus
1205 987 1459 1058 divinus
1486 994 1561 1059 ut
1608 990 1995 1083 principium
2034 991 2309 1058 adivam

286 1098 631 1167 assumitur
650 1149 667 1176 ‚
710 1097 783 1166 C.
817 1098 985 1184 Μαί.
1023 1095 1203 1167 Ratio
1232 1095 1531 1165 abhorret
1557 1118 1598 1164 a
1622 1095 1934 1167 dualismo
1957 1096 2311 1193 improprie

284 1203 454 1273 dieto
470 1254 493 1283 ,
535 1203 648 1294 qui
675 1202 933 1273 nonnisi
972 1223 1089 1293 per
1117 1203 1353 1272 miram
1390 1202 1832 1272 confusionem
1872 1209 2307 1300 conceptuum

284 1312 637 1381 dualismus
665 1309 880 1379 vocari
904 1309 1107 1400 potuit
1128 1361 1144 1387 ,
1179 1309 1245 1377 vi
1272 1310 1453 1400 eujus
1489 1308 1709 1400 plures
1732 1309 2156 1379 admittuntur
2184 1311 2305 1380 in-

284 1427 382 1489 ter
401 1442 468 1488 se
490 1419 796 1488 distinctae
817 1421 880 1486 et
900 1414 1308 1486 essentialiter
1329 1415 1593 1486 diversae
1613 1415 1996 1497 substantiae,
2018 1419 2108 1487 N.
2128 1419 2308 1506 Maj.¹

289 1534 352 1595 et
374 1529 463 1595 D.
498 1528 667 1597 Min.
693 1521 987 1594 Admissa
1000 1523 1334 1614 screatione
1364 1521 1716 1592 admittitur
1744 1520 2095 1593 dualismus
2140 1546 2305 1615 pro-

284 1635 425 1726 prie
452 1633 699 1712 dictus,
730 1632 820 1707 N.
867 1633 1041 1706 Min.
1099 1626 1451 1723 Improprie
1494 1630 1731 1710 dictus,
1770 1632 1843 1700 C.
1888 1631 2059 1703 Min.
2103 1636 2168 1701 et
2206 1632 2310 1703 N.

294 1743 476 1809 cons.
508 1737 727 1831 Itaque
753 1761 984 1809 verum
1024 1734 1286 1830 quidem
1329 1741 1423 1806 est
1459 1743 1523 1806 et
1553 1737 1624 1805 in
1653 1736 1883 1807 natura
1916 1734 2255 1808 fundatum
2275 1791 2296 1819 ‚

287 1850 609 1917 rationem
634 1844 899 1916 tendere
929 1844 1012 1917 ad
1052 1845 1363 1916 unitatem
1388 1844 1687 1937 principii
1730 1846 2025 1916 omnium
2051 1863 2313 1917 rerum.)

294 1957 415 2027 Ast
438 1955 580 2026 haee
618 1956 833 2025 unitas
858 1974 995 2025 non
1028 1952 1241 2024 solnm
1268 1974 1423 2021 eum
1467 1953 1784 2023 creatione
1831 1952 2107 2024 habetur
2124 2005 2143 2035 ,
2190 1955 2307 2025 sed

289 2065 488 2132 etiam
512 2063 703 2132 unice
725 2082 880 2130 eum
925 2067 1239 2131 creatione
1263 2058 1490 2130 haberi
1526 2065 1770 2152 potest,
1791 2061 1883 2131 ita
1919 2059 2201 2153 quidem,
2228 2067 2309 2130 nt

283 2171 497 2250 ratio,
538 2169 930 2240 si'creatione
956 2169 1209 2261 ireJeeta
1232 2168 1414 2237 aliter
1439 2168 1753 2237 unitatem
1785 2168 1975 2238 istam
2017 2190 2308 2261 quaerere

285 2282 512 2356 tentet,
548 2277 897 2346 necessario
917 2278 989 2345 in
1014 2294 1300 2344 summas
1322 2273 1739 2343 absurditates
1763 2279 1844 2344 et
1850 2276 2307 2346 contradictio-

283 2405 411 2456 nes
444 2384 854 2477 prolabatur,
885 2380 1465 2476 quemadmodum,
1494 2383 1592 2452 uti
1621 2381 1937 2465 vidimus,
1970 2384 2312 2496 pantheis-

281 2494 361 2560 tis
386 2491 721 2582 contingit.
749 2490 1024 2560 Theoria
1043 2497 1260 2561 autem
1278 2491 1614 2561 creationis
1633 2491 1849 2562 Deum
1876 2494 2199 2585 proponit,
2229 2501 2310 2564 ut

282 2622 405 2669 ens
430 2624 473 2667 a
502 2624 562 2667 se
582 2598 927 2678 infinitum,
959 2599 1206 2668 infinite
1233 2599 1599 2702 intelligens
1622 2605 1687 2673 et
1712 2600 2139 2693 omnipotens·‚
2163 2607 2311 2672 tan-

282 2730 485 2797 quam
524 2708 912 2831 principium
948 2708 1220 2777 unicum
1260 2712 1325 2777 et
1366 2653 1647 2778 liberum
1703 2709 2002 2779 omnium
2052 2732 2300 2781 rerum.
2290 2701 2322 2792 ³,

282 2812 474 2895 Quod
506 2814 560 2883 si
589 2812 763 2884 Deus
812 2809 1170 2884 libertatem
1202 2833 1493 2885 exercere
1516 2815 1671 2885 velit
1709 2837 1830 2909 per
1872 2818 2303 2900 creationem,

170 2977 183 2989 .
277 2922 477 2991 efficit
496 2942 614 3014 per
638 2907 1209 3014 omnipotentiam
1241 2927 1316 2992 ut
1336 2923 1403 2992 id
1432 2925 1693 3004 existat,
1727 2923 1901 3015 quod
1930 2925 2110 3017 prius
2138 2925 2312 2998 nihil

277 3029 440 3108 fuit,
469 3029 650 3121 juxta
681 3028 963 3121 aliquam
991 3028 1223 3101 divlnae
1245 3031 1795 3122 intelligibilitatis
1826 3030 2039 3104 ideam
2081 3053 2312 3103 exem·-

277 3138 537 3231 plarem
560 3136 644 3231 (1)
670 3138 1053 3221 formatum,
1082 3138 1257 3231 quod
1280 3145 1745 3232 consequenter
1768 3140 2053 3235 aliquam
2072 3142 2312 3213 divina

277 3247 535 3317 natum
556 3231 1008 3339 perfectionem
1025 3252 1475 3338 repraesentet,
1506 3253 1607 3327 et,
1633 3245 1783 3320 licet
1820 3270 1860 3319 a
1879 3247 2060 3331 Deo,
2088 3231 2315 3342 utpote¹

278 3354 479 3424 eausa
489 3355 622 3432 sua,
649 3354 1075 3445 undequaque
1091 3351 1462 3447 dependeat,
1485 3362 1776 3427 creatum
1799 3363 2017 3428 tamen
2033 3358 2311 3430 semelet

278 3455 506 3532 divina
526 3460 590 3529 vi
609 3465 1052 3531 conservatum
1079 3462 1416 3533 subsistat
1396 3484 1468 3531 ιιι
1507 3483 1613 3545 se,
1646 3464 1736 3536 ita
1761 3470 1837 3535 ut
1862 3487 2000 3535 non
2024 3447 2314 3559 indigeat

279 3567 489 3635 altero
518 3572 824 3658 tanquam
850 3568 1169 3659 subjecto,
1209 3571 1316 3640 cui
1368 3570 1706 3655 inhaereat,
1738 3561 2023 3665 adeoque
2044 3574 2123 3643 sit
2146 3573 2311 3644 snb-

278 3677 515 3745 stantia
556 3675 848 3747 distincta
873 3698 913 3747 a
937 3675 1074 3747 Deo
1101 3729 1118 3758 ‚
1153 3678 1265 3748 sed
1293 3679 1476 3771 cuius
1501 3699 1617 3749 esse
1641 3682 1723 3750 sit
1764 3678 1977 3773 aliquo
1999 3683 2192 3755 modo
2231 3686 2306 3757 in

278 3775 453 3855 Deo.
495 3779 677 3856 Unde
717 3785 896 3878 juxta
939 3784 1115 3860 hane
1149 3782 1459 3860 theoriam
1498 3810 1585 3859 ne
1622 3786 1887 3883 quidem
1935 3787 2124 3867 datur
2156 3793 2306 3885 plue

344 3978 734 4052 umecolautur,
757 3995 865 4051 quoe
887 3984 1151 4065 divinum
1170 3986 1223 4043 in
1239 3986 1544 4058 onim-‚Part-
1556 3987 1618 4046 11.
1643 3987 1770 4045 Sect.
1794 3992 1843 4042 1.
1866 3989 2093 4082 Pag3218
2108 3995 2156 4044 et
2164 4004 2298 4063 seqq.
