2988 4832
562 569 753 622 sensu
798 549 1162 623 absolutum
1190 553 1539 621 necessario
1577 574 1646 620 se
1703 554 1974 632 evolvit.
2032 556 2086 624 si
2139 560 2362 628 tamen
2413 574 2563 627 evo«

562 653 873 729 lutionen'i
902 683 1129 730 vocare
1174 661 1400 740 liceat,
1444 659 1617 750 quod
1649 666 1742 730 est
1773 662 1908 753 ipsa
1933 664 2161 731 intima
2199 663 2469 734 essentia
2514 674 2575 731 ot
2676 724 2681 729 .

560 764 714 835 hinc
756 773 995 836 {eterna
1025 768 1383 836 constitutio
1412 769 1598 836 entis,
1635 768 1751 837 Ast
1783 769 2182 851 ahsolutum,
2238 770 2398 841 dum
2450 792 2574 840 nc·-

560 875 829 944 cessario
879 876 1041 966 agit,
1095 877 1327 942 actioni
1367 900 1491 942 suae
1530 880 1874 944 necessariae
1919 880 2325 948 necessarium
2356 902 2573 971 quoque

558 985 886 1050 terminum
918 984 1242 1075 praefigere
1264 1034 1281 1062 ,
1327 984 1395 1050 id
1428 1006 1580 1052 vero
1603 985 2094 1076 pantheisticum
2121 992 2185 1055 et
2225 987 2578 1058 absurdum
2609 1050 2614 1055 .

558 1078 676 1158 est.
704 1088 977 1160 Nullum
1004 1093 1181 1158 enim
1208 1112 1322 1157 ens
1355 1091 1439 1157 ad
1473 1091 1541 1158 id
1579 1093 1985 1161 necessitatur
2003 1145 2022 1172 ,
2072 1115 2204 1184 quo
2233 1111 2371 1163 non
2399 1093 2575 1165 indi-

489 1290 494 1303 1
559 1204 667 1288 get
701 1223 718 1267 ε
761 1196 870 1266 sed
917 1195 1282 1265 absolutum
1311 1198 1436 1266 hoc
1474 1198 1611 1291 ipso
1634 1251 1649 1279 ,
1690 1201 1865 1290 quod
1911 1206 2006 1269 est
2032 1200 2284 1269 infinite
2318 1190 2612 1292 perfec-'

556 1310 700 1372 tum
716 1355 733 1382 ‚
768 1303 950 1373 nullo
976 1302 1391 1372 determinato
1418 1307 1695 1373 termino
1720 1307 1994 1396 indigen
2026 1328 2180 1396 ergo
2211 1327 2335 1374 nec
2360 1307 2578 1377 ullum

559 1412 790 1480 actioni
823 1433 954 1480 suae
982 1412 1311 1503 praefigere
1337 1414 1747 1483 necessitatur
1774 1413 1884 1504 (1).
1915 1412 1998 1480 Et
2024 1435 2179 1480 vero
2613 1414 2618 1419 “

601 1630 609 1637 .
637 1571 714 1642 9.
760 1575 897 1638 Ens
935 1573 1277 1640 absolutum
1316 1584 1404 1640 est
1437 1571 1695 1639 liberum
1733 1573 2009 1640 libertate
2046 1572 2490 1663 indifferentioe
2519 1583 2577 1639 et

557 1681 1057 1747 contradictionis
1085 1678 1195 1769 (2).
1237 1676 1612 1770 Nam—a)
1660 1678 1946 1748 Libertas
1985 1679 2439 1748 indifferentiae
2460 1728 2481 1758 ,
2522 1678 2564 1746 i.

557 1807 613 1854 e.
661 1785 920 1854 libertas
934 1837 952 1864 ,
983 1785 1219 1854 actioni
1247 1807 1378 1854 suae
1407 1788 1773 1855 necessariae
1803 1782 2157 1856 terminum
2202 1809 2280 1855 ex
2311 1791 2577 1855 contra-

556 1893 830 1962 dictoriis
865 1893 1244 1963 alterutrum
1269 1917 1388 1986 pro
1414 1895 1598 1963 libitu
1625 1894 1997 1987 praefigendi
2028 1945 2047 1975 ‚
2097 1900 2195 1964 est
2221 1914 2378 1963 vera
2424 1915 2576 1984 per-

556 1999 742 2073 fectio
770 2026 788 2070 e
821 2022 973 2092 ergo
998 2003 1140 2071 haee
1164 2003 1420 2071 libertas
1449 2002 1753 2070 absoluto
1794 2003 1999 2071 inesse
2027 2001 2214 2071 debet
2237 1987 2347 2092 (3').
2368 2039 2463 2055 --·
2499 2001 2573 2091 b)

556 2106 889 2178 Libertatis
920 2108 1355 2178 indifferentiae
1383 2109 1697 2176 habemus
1735 2107 1945 2176 ideam
1976 2134 1995 2177 t
2042 2110 2220 2198 atqui
2242 2108 2383 2175 haec
2406 2106 2568 2186 idea,

558 2216 681 2285 nisi
713 2214 1079 2285 absolutum
1108 2216 1189 2284 sit
1222 2215 1502 2285 liberum
1526 2213 1809 2301 libertate
1858 2213 2297 2301 indifferentiae
2331 2266 2345 2291 ,
2381 2206 2575 2287 etiam
2599 2234 2610 2289 ί

557 2323 628 2394 in
664 2327 999 2415 systemate
1044 2322 1458 2416 pantheistico
1478 2371 1505 2404 ‚
1573 2326 1789 2412 utpote
1846 2321 2091 2413 objecto
2143 2343 2371 2393 carens
2398 2373 2418 2404 ,
2479 2327 2578 2394 est

495 2670 504 2677 .
602 2621 607 2626 “
642 2612 692 2680 1)
719 2613 944 2665 Breviter
959 2617 1012 2663 et
1030 2616 1234 2663 venuste
1251 2611 1304 2661 id
1325 2612 1488 2674 ipsum
1507 2611 1718 2662 ostendit
1747 2611 1800 2662 S.
1818 2612 2029 2677 August.
2048 2603 2178 2673 nib.
2199 2617 2259 2663 83
2280 2613 2458 2681 quoesl.
2490 2625 2574 2679 qu.
2605 2616 2613 2624 '

557 2686 638 2734 22.
659 2683 826 2734 dicens
847 2698 864 2733 ε
893 2683 984 2733 Ubi
1011 2684 1154 2733 nulla
1183 2683 1485 2747 indigentia,
1526 2682 1668 2732 nulla
1692 2684 1955 2733 necessitas
1969 2719 1986 2744 ,
2013 2681 2099 2733 ubi
2124 2684 2296 2734 nullus
2336 2684 2577 2750 (iescam,

553 2755 698 2809 nulla
715 2755 1011 2823 indigentia.
1031 2754 1218 2808 Nullus·
1235 2756 1400 2807 autem
1420 2754 1641 2821 defectus
1656 2754 1709 2805 in
1730 2753 1851 2820 Deo,
1868 2754 2012 2808 nulla
2030 2769 2152 2822 erqo
2171 2754 2454 2809 necessitas.

619 2866 690 2934 (Ξ)
714 2868 838 2920 Dico
857 2869 1137 2919 absolutum
1156 2881 1261 2919 esse
1278 2868 1497 2918 liberum
1516 2868 1745 2917 libertate
1766 2862 2108 2918 indifferentiae
2131 2879 2219 2917 seu
2232 2866 2460 2919 libertate
2480 2867 2577 2918 im-

558 2939 703 2992 muni
724 2940 788 2990 ab
818 2940 956 2990 omni
977 2953 1079 2989 non
1098 2940 1260 2989 solum
1289 2939 1559 3000 coactione,
1587 2939 1673 2989 sed
1694 2938 1847 2989 etiam
1868 2937 2151 2987 necessitate
2172 2952 2187 3000 ;
2219 2941 2269 2987 et
2289 2937 2409 2989 dein
2424 2937 2577 2989 liber·
2603 2937 2611 2950 ¹

559 3015 660 3064 tate
676 3011 1092 3071 contradictionis,
1108 3024 1210 3061 non
1226 3011 1604 3073 contrarietatis,
1621 3008 1722 3072 qua
1737 3010 1922 3061 scilicet
1936 3010 2087 3071 possit
2100 3010 2228 3060 velle
2246 3011 2342 3059 hoc
2359 3010 2442 3059 vel
2454 3009 2578 3061 iliud

561 3086 747 3135 bonum
765 3084 828 3134 ad
848 3086 988 3133 extra
1012 3083 1093 3131 vel
1111 3081 1245 3131 idem
1264 3081 1416 3131 etiam
1436 3082 1569 3130 nolle
1588 3115 1606 3142 ,
1637 3093 1739 3130 nou
1752 3092 1892 3143 vero,
1911 3080 2011 3142 qua
2042 3080 2191 3142 possit
2217 3081 2345 3132 velle
2363 3080 2575 3132 malum.

560 3156 678 3206 Haec
697 3151 836 3205 enim
855 3154 1026 3204 omnia
1039 3153 1154 3203 satis
1176 3151 1353 3202 stolide
1392 3151 1658 3201 confundit
1676 3152 1743 3203 D.
1762 3151 1944 3201 Cousin
1962 3151 2065 3201 sive
2081 3152 2140 3200 in
2160 3151 2290 3202 [list.
2310 3150 2378 3202 cle
2393 3151 2445 3205 la
2461 3151 2577 3215 plu·-
2603 3173 2612 3183 ·

563 3226 807 3292 Iosophie,·
825 3238 969 3275 cours
983 3224 1047 3273 de
1064 3226 1207 3283 1828,
1234 3226 1288 3273 50
1302 3222 1392 3285 lep.
1413 3222 1586 3273 sivein
1606 3222 1901 3287 Fraqmenls
1916 3222 2245 3289 philosophiq.
2272 3225 2415 3273 1838.
2449 3222 2579 3272 Vide

559 3301 722 3349 textus
741 3298 869 3361 ipsos
887 3297 1056 3346 citatos
1071 3295 1127 3343 in
1155 3292 1370 3343 Cosmol.
1413 3294 1547 3345 Soet.
1578 3293 1664 3344 111.
1711 3292 1851 3356 Cap„
1870 3296 1918 3346 1.
1946 3293 2071 3357 Pag.
2094 3298 2154 3345 86
2177 3296 2235 3345 iu
2275 3297 2422 3349 Noto.
2456 3297 2581 3346 Con-

560 3365 667 3420 su'le
683 3369 748 3420 de
764 3369 989 3420 libertate
1006 3365 1210 3432 eiusque
1230 3363 1379 3418 variis
1392 3364 1803 3422 distinctionibus.
1829 3364 2008 3434 Psych.
2028 3366 2140 3422 Rat.
2161 3366 2293 3422 sect.
2311 3368 2364 3442 10'
2379 3368 2501 3437 cap.
2528 3371 2575 3424 1.

561 3442 681 3508 Pag.
707 3444 802 3493 102
821 3444 872 3492 et
889 3453 1027 3505 seqq.
1464 3457 1467 3458 ⁷

625 3542 692 3610 (3)
723 3541 873 3593 Juxta
887 3540 1135 3592 theoriam
1152 3538 1409 3591 creationis
1427 3542 1536 3593 haec
1553 3541 1751 3591 libertas
1769 3540 1823 3591 in
1843 3541 2063 3593 absoluto
2081 3540 2325 3593 evincitur
2341 3542 2583 3606 praeterea

560 3616 665 3665 sivo
684 3627 749 3666 ex
767 3614 873 3677 ipsa
903 3612 1148 3662 creatione
1165 3648 1182 3676 ,
1221 3626 1330 3675 quoe
1368 3626 1472 3662 nou
1491 3615 1653 3675 potest
1674 3627 1796 3675 esse,
1817 3613 1914 3664 nisi
1933 3613 2059 3663 actio
2089 3612 2249 3663 libera
2264 3611 2378 3676 Dei,
2396 3612 2501 3664 sive
2517 3623 2582 3664 ex

563 3686 787 3741 libertate
817 3684 1038 3736 humana
1058 3684 1394 3735 concludendo
1418 3684 1481 3734 ad
1504 3698 1702 3735 causam
1725 3687 1776 3735 ct
1804 3684 1969 3737 ideam
1991 3683 2247 3744 libertatis,
2263 3681 2411 3745 juxta
2426 3681 2581 3749 quoru

565 3771 711 3811 causa
730 3758 953 3811 absoluto
974 3757 1162 3807 creavit
1193 3756 1477 3810 hominem.
1513 3759 1563 3813 et
1581 3770 1731 3828 quam
1763 3756 1947 3828 inopere
1969 3769 2072 3832 non
2103 3754 2293 3830 potuit,
2315 3754 2415 3815 nisi
2435 3766 2580 3813 causa

563 3828 787 3889 absoluta
802 3826 867 3884 sit
883 3826 1043 3889 libera
1070 3826 1248 3891 cadem
1266 3825 1510 3890 libertate·
