2988 4832
1490 446 1584 515 60

619 568 680 665 α)
745 567 953 642 Series
1003 569 1476 641 successionum
1525 572 1667 644 sine
1716 569 1894 641 initio
1945 575 2107 640 esset
2159 571 2440 661 infinita.
2475 569 2549 642 Si

533 681 707 752 'enim
740 681 813 748 in
859 678 984 747 hac
1021 678 1358 771 hypothesi
1383 701 1423 748 a
1445 683 1680 750 nostrae
1729 668 1989 748 actualis
2032 678 2371 747 existentiae
2400 700 2547 747 mo-

484 865 489 870 ·
533 791 749 856 mento
774 783 1071 876 praesenti
1103 806 1220 876 per
1246 786 1455 856 varias
1475 784 1709 855 mundi
1739 785 1926 855 istius
1962 784 2387 873 successiones
2417 808 2545 854 nu-

533 891 842 965 merando
870 891 1460 982 retrograderemur
1482 944 1502 973 ,
1541 894 1989 963 inveniremus
2014 913 2364 960 numerum
2393 913 2548 960 suc-

535 1002 895 1071 cessionum
933 998 1040 1066 vel
1081 999 1475 1089 indefinitum
1494 1050 1513 1080 ‚
1567 999 1677 1071 ‘vel
1725 1002 1977 1088 finitum
2024 997 2133 1066 vel
2178 997 2545 1087 infinitum:

532 1108 707 1198 atqui
733 1127 869 1177 non
895 1126 1225 1198 possemus
1253 1106 1548 1176 invenire
1576 1128 1927 1176 numerum
1953 1106 2367 1195 indefinitum.
2417 1102 2553 1174 Nu-

533 1228 750 1282 merus
771 1213 949 1281 enim
972 1211 1346 1282 indefinitus
1384 1219 1479 1293 est
1520 1235 1829 1283 numerus
1860 1212 1933 1280 in
1967 1210 2246 1303 potentie
2267 1211 2552 1282 continui

532 1321 862 1414 augmenti
888 1349 906 1402 ;
951 1321 1374 1391 successiones
1405 1327 1623 1392 autem
1647 1321 1977 1413 praeteritae
1989 1322 2130 1410 jam
2157 1324 2307 1389 actu
2327 1343 2552 1393 omnes

472 1506 477 1511 ,
533 1432 747 1522 positae
767 1432 997 1499 essent.
1043 1425 1268 1519 Neque
1301 1430 1593 1498 invenire
1624 1450 1953 1520 possemus
1986 1428 2340 1500 numerum
2389 1431 2556 1519 fini-⁶

534 1550 665 1605 tum
687 1588 709 1617 ‚
759 1558 940 1605 secus
966 1541 1192 1605 contra
1232 1534 1635 1627 hypothesim
1666 1536 2147 1626 perveniremus
2180 1536 2263 1606 ad
2295 1537 2548 1606 initium

536 1646 1028 1716 successionum.
1075 1641 1252 1734 Ergo
1279 1644 1332 1711 si
1366 1644 1597 1714 creatio
1624 1643 1709 1712 ab
1735 1649 1972 1712 aeterno
1994 1650 2153 1712 esset
2192 1645 2501 1736 possibilis
2524 1697 2543 1721 ‚
2637 1710 2642 1715 ,

537 1753 790 1835 daretur
813 1772 1124 1820 numerus
1164 1753 1639 1822 successionum
1680 1753 1971 1842 infinitus
2005 1774 2029 1820 .-
2063 1751 2239 1843 atqui
2278 1752 2405 1821 hoc
2446 1774 2549 1819 re-

540 1863 804 1949 pugnat.
858 1855 1028 1925 Nam
2280 1854 2290 1873 ⁸

620 1988 692 2081 1)
729 1986 1054 2057 Numerus
1082 1985 1370 2057 infinitus
1386 1992 1703 2080 repugnat
1722 1987 1794 2056 in
1815 2009 1880 2057 se
1909 1985 2020 2082 (1).
2044 1985 2315 2081 Insuper
2340 1988 2410 2058 in
2428 1966 2554 2058 hac

536 2095 867 2186 hypothesi

473 2314 476 2319 ‚
616 2225 689 2318 2)
734 2192 938 2296 Series
970 2229 1087 2297 ista
1119 2229 1595 2297 successionum
1632 2229 1936 2298 continuo
1963 2234 2305 2322 augeretur
2335 2255 2353 2298 ε
2382 2230 2552 2320 atqui

452 2370 453 2375 κ
535 2339 853 2428 repugnat
877 2333 1034 2403 ideae
1071 2341 1135 2403 et
1166 2336 1449 2404 essentiae
1476 2336 1737 2403 numeri
1776 2336 2030 2415 infiniti,
2079 2357 2260 2427 posse
2290 2334 2506 2427 augeri
2531 2386 2547 2409 ,

514 2464 691 2532 ergo
719 2442 823 2510 vel
860 2443 1037 2534 prius
1074 2443 1208 2511 istae
1248 2442 1670 2511 successiones
1708 2464 1844 2512 non
1884 2448 2067 2512 erant
2094 2449 2241 2512 actu
2267 2442 2550 2521 infinitae,

452 2597 455 2600 -
540 2549 643 2618 vel
672 2554 929 2640 possent
958 2571 1090 2618 esse
1113 2550 1312 2619 finitae
1342 2548 1536 2617 simul
1563 2555 1627 2617 et
1649 2550 1941 2621 infinitae.
1972 2549 2255 2619 Demum

623 2677 688 2769 3)
736 2678 939 2748 Series
986 2679 1129 2749 istae·
1168 2681 1641 2752 successionum
1685 2686 1837 2750 sunt
1876 2680 2093 2773 plures
2137 2686 2201 2749 et
2243 2671 2382 2751 aliae
2419 2680 2554 2750 aliis

543 2786 837 2874 majores,
871 2809 937 2856 v.
974 2811 1038 2878 g.
1073 2809 1421 2869 annorum,
1448 2789 1800 2869 mensium,
1835 2787 2109 2858 dierum.
2141 2785 2330 2856 Unde
2366 2785 2553 2856 variae

541 2891 673 2962 istae
713 2895 1136 2964 successiones
1173 2896 1283 2965 vel
1320 2891 1520 2965 omnes
1558 2900 1767 2964 essent
1809 2917 2083 2965 numero
2124 2894 2411 2973 infinitae,
2450 2892 2553 2961 vel

539 2995 752 3065 solum
780 3002 1060 3068 maxima
1084 3023 1333 3083 earum,
1368 2997 1438 3071 ἡ.
1473 3026 1542 3095 g.
1576 3002 1847 3082 dierum,
1884 3003 1989 3072 vel
2011 3003 2224 3070 nullae.
2251 3002 2397 3071 Non
2417 3020 2557 3067 on:-

539 3126 641 3170 nes
654 3128 683 3185 ‚-
714 3126 898 3173 secus
930 3130 1263 3190 numerus,
1296 3133 1362 3179 v.
1399 3133 1466 3200 g.
1515 3129 1859 3189 annorum,
1896 3110 2042 3178 licet
2070 3114 2215 3177 actu
2242 3107 2548 3185 infinitus,

538 3213 699 3307 esset
735 3210 1070 3281 duodecies
1109 3215 1355 3296 minor,
1408 3238 1608 3307 quam
1652 3238 1963 3285 numerus
2002 3215 2326 3285 mensium
2365 3216 2556 3285 etiam

536 3321 686 3385 actu
734 3317 1018 3387 infinitus
1036 3371 1054 3399 ‚
1111 3328 1174 3389 et
1223 3345 1535 3394 numerus
1587 3326 1910 3394 mensium
1964 3323 2246 3413 trigesies
2291 3323 2511 3393 minor
2529 3375 2547 3401 ‚

540 3443 736 3512 quam
779 3447 1091 3494 numerus
1128 3428 1379 3498 dierum
1415 3459 1432 3499 z
1469 3433 1646 3523 atqui
1683 3436 1998 3525 repugnat
2028 3431 2355 3501 infinitum
2387 3431 2555 3501 alte-

540 3552 691 3598 rum
733 3531 928 3601 altero
973 3535 1180 3625 majus
1225 3542 1336 3605 aut
1379 3539 1639 3621 minus;
1690 3560 1955 3629 erg0....
2006 3537 2232 3631 Neque
2274 3542 2553 3610 maxima

540 3636 748 3705 solum
785 3640 971 3709 series
1003 3648 1212 3733 posset
1241 3666 1374 3712 esse
1403 3644 1671 3726 infinita,
1704 3668 1769 3715 v.
1796 3670 1861 3738 g.
1893 3647 2083 3717 series
2106 3647 2382 3721 dierum.
2406 3646 2553 3717 Dies

601 3856 671 3927 (1)
702 3859 828 3913 vide
857 3861 1015 3916 Ontol.
1042 3863 1174 3916 Part.
1198 3864 1260 3915 11.
1286 3863 1416 3917 Sect.
1439 3867 1487 3916 2.
1512 3865 1632 3929 Cap.
1650 3868 1699 3916 2.
1725 3864 1872 3931 Prop.
1897 3866 1982 3919 111.
2005 3866 2125 3932 Pag.
2154 3870 2267 3922 2¹08.
