2988 4832
587 572 777 650 mus.
819 564 993 661 quod
1014 571 1296 639 aramus·
1311 573 1333 648 ,“
1354 442 1773 658 «ςαοὰἜαὴίε
1801 559 2110 655 figimus}
2129 560 2303 657 quod
2336 557 2602 657 pefflbuae

589 673 1043 748 conculcamus
1066 726 1086 756 ‚
1124 673 1300 747 Deus
1326 679 1446 746 est.

532 887 540 896 ⁶
674 808 836 878 Inst-
860 806 1155 897 Singula,
1176 826 1321 898 quae
1345 804 1417 900 in
1433 804 1734 877 universo
1754 809 1905 874 sunt
1929 807 2043 875 aut
2061 801 2228 875 fiunt
2244 852 2262 883 ,
2293 820 2434 874 non
2450 808 2601 871 sunt

588 912 758 983 Deus
777 964 798 994 ,
831 913 941 982 sed
968 917 1220 981 tantum
1263 913 1399 1002 ejus
1451 910 1948 981 modificationes
1994 931 2108 981 seu
2153 909 2330 980 modi
2355 935 2394 981 εἸ
2425 910 2600 1002 atqui

587 1019 763 1093 modi
788 1041 923 1090 non
945 1024 1207 1111 possunt
1231 1019 1358 1088 dici
1387 1017 1771 1100 substantia3
1806 1040 1962 1110 ergo
1990 1021 2057 1089 et
2080 1022 2291 1087 totum
2317 1016 2598 1089 *nniver-
2712 1077 2720 1085 .

588 1126 756 1206 sum,
781 1132 995 1218 utpote
1017 1127 1271 1197 nonnisi
1291 1124 1576 1197 collectio
1598 1126 1897 1195 omnium
1917 1123 2261 1196 modorum
2290 1122 2434 1206 Dei.
2460 1145 2597 1199 non

587 1233 779 1315 efficit
812 1233 1225 1329 substantiam
1260 1255 1301 1330 a
1321 1233 1457 1316 Deo
1480 1233 1869 1318 distinctam.

671 1359 755 1432 R.
805 1362 878 1433 C.
927 1362 1035 1431 1¹¹²
1069 1373 1261 1452 part.
1295 1360 1462 1450 Μαί.
1496 1365 1561 1431 et
1588 1362 1677 1431 N.
1720 1361 1853 1431 2¹¹².
1893 1357 2062 1431 Nam
2103 1360 2157 1429 si
2181 1381 2255 1429 ea
2274 1411 2290 1440 ,
2328 1381 2472 1452 quae
2525 1361 2599 1429 in

588 1468 885 1539 universo
904 1473 1055 1538 sunt
1076 1473 1140 1563 et
1171 1469 1338 1538 fiunt
1353 1519 1374 1548 ,
1404 1473 1555 1537 sunt
1574 1468 1750 1541 modi
1785 1466 2017 1538 divinae
2057 1466 2421 1538 substantiae
2448 1496 2468 1549 ;
2494 1491 2600 1539 er-

591 1601 674 1669 go
693 1574 828 1647 Deo
864 1576 1118 1645 attribui
1140 1575 1373 1646 debent
1399 1602 1417 1646 ε
1445 1578 1620 1669 atqui
1639 1578 1763 1649 hoc
1792 1581 1885 1647 est
1913 1573 2262 1647 absurdum
2284 1602 2301 1658 ;
2326 1597 2595 1669 ergo....

593 1681 750 1755 Dico
779 1709 797 1753 ι
823 1684 989 1751 modi
1014 1685 1126 1751 isti
1151 1686 1287 1757 Deo.
1305 1685 1570 1774 attribui
1593 1686 1823 1755 debent.
1868 1683 2039 1753 Nam
2075 1687 2247 1753 certe
2273 1735 2291 1763 ,
2333 1705 2486 1754 cum
2509 1683 2604 1755 di*-
2695 1738 2699 1743 .

595 1788 801 1860 cimus
818 1840 838 1868 ‚
863 1789 1108 1860 ferrum
1135 1795 1230 1863 est
1262 1789 1502 1861 durum
1527 1842 1546 1871 ,
1572 1796 1836 1884 pratum,
1848 1789 2017 1860 istud
2039 1795 2134 1860 est
2154 1788 2350 1870 ferax.
2378 1790 2603 1861 modos

569 1898 741 1971 „istos
757 1896 983 1967 durum
1011 1902 1076 1967 et
1090 1897 1277 1986 ferax
1295 1919 1431 1969 non
1456 1897 1799 1969 tribuimus
1814 1896 2074 1967 duritiei
2097 1896 2202 1973 vel
2239 1901 2554 1986 feracitate·
2574 1951 2595 1980 ,

594 2003 707 2076 sed
730 2005 852 2098 ipsi
869 2004 1038 2091 ferro
1057 2004 1163 2076 vel
1184 2011 1387 2097 prato,
1405 2007 1493 2075 ita
1512 2011 1587 2074 ut
1605 2004 2057 2098 intelligamus
2077 2002 2378 2077 intimam
2391 2028 2603 2077 essen-

591 2112 745 2183 tiam
771 2110 924 2189 ferri
952 2110 1059 2184 vel
1083 2112 1248 2205 prati
1269 2134 1404 2183 esse
1431 2111 1627 2182 talem
1657 2165 1675 2192 ,
1713 2118 1787 2182 ut
1820 2112 1904 2185 ad
1930 2118 2107 2182 extra
2153 2112 2452 2185 duritiem
2497 2113 2604 2185 vel

591 2217 974 2293 feracitatem
1000 2219 1378 2290 manifestet.
1413 2219 1585 2312 Ergo
1617 2242 1658 2289 a
1698 2218 1838 2312 pari
1858 2271 1880 2300 .
1906 2243 2060 2290 cum
2089 2226 2297 2292 totum
2327 2223 2604 2295 univer-
2648 2315 2650 2319 ἢ

590 2322 737 2397 sum
760 2327 1005 2399 dicatur
1038 2327 1325 2403 collectio
1353 2316 1650 2403 omnium
1677 2327 2020 2398 modorum
2046 2326 2188 2408 Dei,
2213 2351 2440 2403 omnes
2453 2353 2599 2400 mo-

591 2434 974 2506 dificationes
1019 2437 1334 2518 universi,
1363 2435 1648 2527 adeoque
1676 2437 1895 2515 omnia
1911 2487 1934 2517 .
1978 2458 2126 2529 quae
2155 2444 2308 2507 sunt
2340 2443 2404 2508 et
2425 2425 2600 2510 'flunt

591 2542 662 2612 in
687 2535 814 2611 hoc
841 2541 1163 2624 univerSO,
1198 2543 1318 2637 ipsi
1345 2542 1481 2613 Deo
1506 2542 1703 2616 tribui
1728 2544 1964 2616 debent
1993 2544 2121 2615 hoc
2147 2567 2360 2626 sensu,
2386 2553 2460 2616 ut
2493 2545 2600 2615 in·-

452 2657 459 2674 *
590 2645 948 2740 telliga'mus
967 2702 986 2730 ,
1017 2648 1231 2721 Deum
1262 2651 1335 2720 in
1375 2651 1603 2722 intima
1631 2650 1897 2722 essentia
1922 2652 2040 2723 sua
2074 2652 2161 2724 ita
2189 2675 2325 2724 esse
2356 2658 2604 2729 consti-

592 2760 802 2825 tutum
826 2806 847 2837 ,
884 2763 957 2825 ut
985 2757 1068 2827 ad
1093 2763 1266 2827 extra
1293 2780 1362 2832 se
1389 2758 1509 2828 sub
1551 2758 1651 2828 his
1681 2760 1886 2829 modis
1913 2762 2265 2831 necessario
2288 2762 2604 2832 manifes-

592 2868 702 2932 tet.
733 2860 906 2955 Ergo
934 2864 1040 2935 vel
1069 2866 1316 2936 admitti
1347 2865 1534 2937 debet
1562 2868 1888 2960 pluralitas
1915 2867 2435 2948 substantiarum,
2468 2867 2597 2949 vel,

590 2969 644 3044 si
669 2973 865 3040 unica
888 2971 965 3041 sit
987 2971 1332 3044 substantia
1357 3024 1377 3055 ,
1413 2973 1569 3046 huic
1598 2976 1718 3045 uni
1740 3027 1760 3055 ‚
1794 2997 1941 3070 quae
1966 2973 2141 3045 Deus
2175 2975 2335 3056 erit,
2384 2978 2605 3047 omnia

587 3073 782 3170 hujus
819 3080 1101 3150 universi
1137 3081 1395 3154 attribui
1443 3079 1700 3154 debent.
1750 3082 1891 3167 Quo
1914 3103 2063 3152 casu
2111 3081 2261 3154 dein
2321 3084 2604 3175 profecto

589 3183 763 3256 Deus
793 3186 909 3257 iste
931 3189 1382 3279 pantheisticus
1408 3190 1605 3260 simul
1636 3196 1883 3260 secatur
1912 3193 1976 3258 et
2004 3187 2234 3268 uritur,
2265 3188 2513 3281 spuitur
2539 3198 2605 3261 et

538 3345 549 3348 =
593 3294 1021 3377 conculcatur,
1056 3297 1225 3379 dolet
1258 3302 1323 3369 et
1350 3297 1622 3391 gaudet,
1657 3298 1936 3367 nascitur
1950 3296 2143 3366 simul
2185 3303 2249 3366 et
2281 3298 2553 3367 moritur
2580 3351 2597 3379 ,

591 3387 841 3494 vegetat
870 3409 936 3473 et
958 3405 1296 3495 putrescit,
1321 3411 1416 3476 est
1439 3426 1587 3475 reus
1614 3410 1679 3474 et
1711 3385 1908 3498 judex
1934 3407 1999 3474 et
2022 3403 2302 3480 carnifex
2322 3409 2447 3482 etc.
2475 3410 2600 3484 etc.

595 3502 811 3580 Unde.
849 3512 924 3580 C.
957 3514 1129 3583 Min.
1163 3518 1230 3583 et
1253 3514 1347 3585 Ν.
1382 3513 1563 3602 Com.
1595 3518 1665 3586 et
1695 3514 1941 3606 cmoq.

678 3631 853 3709 OBJ.
875 3638 944 3708 4⁰
963 3638 1145 3713 Ratio
1166 3640 1468 3719 abhorret
1491 3661 1534 3713 a
1552 3638 1912 3712 dualismo.
1940 3638 2117 3738 atqui
2140 3588 2418 3716 adnussa
2432 3653 2605 3716 crea-

590 3742 765 3816 tione
782 3743 1133 3819 admittitur
1159 3737 1554 3832 duahsmus;
1590 3771 1744 3838 ergo
1766 3748 1925 3822 ratio
1945 3771 2065 3841 per
2082 3770 2150 3818 se
2169 3746 2404 3840 rejecta
2422 3768 2607 3849 crea-3

532 3848 764 3927 tione
794 3850 1140 3933 adhaerebit
1173 3856 1575 3952 pantheismo
1614 3878 1738 3970 ceu
1762 3857 1989 3933 unitati
2010 3855 2334 3932 absolutae.
