2988 4832
300 621 430 713 tiva
473 621 544 690 in
589 641 654 689 se
688 624 961 715 spectata
1000 627 1092 692 est
1129 620 1198 689 in
1228 620 1472 691 ratione
1510 618 1765 693 inversa
1807 617 1999 693 debiti
2051 616 2314 691 benefa-
2424 633 2428 637 ’

216 798 221 802 ,
302 729 508 799 ciendi
539 722 762 822 :atqui
802 729 975 800 Deus
1001 781 1016 808 ,
1067 734 1282 820 utpote
1325 751 1441 798 ens
1475 751 1516 798 a
1570 752 1637 800 se
1672 734 1736 800 et
1784 729 2070 799 absolute
2123 729 2312 799 inde-

300 837 586 926 pendens
633 836 806 928 (1)‚'
841 859 918 906 ex
949 836 1212 905 essentia
1255 836 1374 905 sua
1420 837 1770 919 necessario
1819 837 2065 905 infinite
2109 834 2173 904 et
2228 837 2309 906 ita

298 946 484 1013 distat
534 946 614 1014 ab
636 947 818 1015 omni
857 945 1067 1014 debito
1112 967 1266 1036 erga
1304 944 1714 1035 quidcunque
1741 995 1759 1022 ‚
1816 949 1888 1011 ut
1938 967 2019 1011 nc
2064 945 2309 1035 concipi

292 1051 558 1142 ‘quidem
602 1054 794 1143 possit
825 1053 1026 1122 alicui
1076 1052 1519 1120 antecedenter
1578 1046 1824 1142 aliquid
1852 1051 2081 1120 debere
2106 1076 2134 1133 ‚-
2159 1073 2314 1140 ergo

200 1236 201 1239 Ἴ
295 1181 485 1251 agere
508 1159 590 1228 ad
626 1165 800 1228 extra
837 1165 901 1228 et
936 1164 1151 1227 creare
1194 1159 1300 1225 vel
1330 1159 1676 1226 minimum
1708 1180 1842 1225 non
1873 1164 2116 1249 potest,
2150 1160 2311 1250 quin

252 1287 258 1291 ·
293 1266 653 1347 infinitam,
703 1290 838 1335 non
888 1267 1148 1358 quidem
1175 1266 1246 1333 in
1281 1266 1550 1343 effectu,
1596 1263 1801 1333 sedin
1832 1286 1897 1335 se
1939 1269 2304 1355 spectatam,

293 1373 782 1442 beneficentiam
814 1373 1141 1451 exhibeat,
1185 1372 1467 1462 adeoque
1501 1393 1580 1439 ex
1615 1371 1884 1439 essentia
1912 1373 2026 1440 sua
2059 1377 2151 1440 est
2188 1394 2310 1442 ne·

295 1480 568 1549 cessario
601 1481 866 1569 {infinite
888 1480 1267 1547 beneficus
1240 1503 1311 1544 m
1354 1502 1434 1547 se.

385 1603 455 1673 3·
500 1603 929 1674 Beneficentia
970 1582 1062 1673 est
1088 1605 1439 1697 perfectio
1418 1629 1488 1677 ln
1491 1607 1842 1676 homine.
1880 1607 2055 1698 atqui
2083 1602 2260 1676 Deo
2237 1630 2309 1679 111

292 1712 500 1801 gradu
554 1714 804 1781 infinito
867 1712 1282 1781 tribuendum
1334 1718 1475 1791 est,
1539 1713 1850 1805 quidquid
1910 1715 2311 1807 perfectionis

292 1821 433 1888 est
414 1844 485 1889 m
531 1822 833 1890 creaturis
862 1849 880 1902 ;
912 1843 1066 1912 ergo
1097 1825 1190 1890 est
1229 1821 1474 1890 infinite
1506 1821 1888 1893 beneficus
1860 1847 1933 1891 m
1960 1848 2043 1894 se.

384 1963 614 2036 Senon.
655 1963 1151 2035 Beneficentiam
1192 1970 1385 2036 relate
1420 1968 1504 2036 ad
1538 1969 1890 2038 terminum
1940 1990 2075 2038 non
2129 1991 2309 2059 posse
2383 2005 2386 2013 2

295 2094 427 2140 esse
471 2072 788 2140 infinitam
839 2079 1009 2164 patet
1047 2096 1124 2143 ex
1162 2096 1277 2155 eo,
1327 2076 1498 2165 quod
1552 2076 1733 2144 nulla
1771 2081 2076 2145 creatura
2113 2078 2308 2167 possit

275 2185 529 2253 'habere
547 2185 863 2252 infinitam
888 2182 1231 2287 recipiendi
1251 2180 1687 2276 capacitatem.
1717 2185 1856 2255 lmo
1884 2191 2086 2277 potest
2105 2184 2300 2261 Deus,

295 2293 364 2360 in
404 2291 771 2382 hypothesi,
783 2282 979 2380 quod
1021 2292 1171 2360 velit
1205 2298 1523 2361 creaturas
1556 2292 2015 2362 beatitudinem
2043 2294 2303 2384 proprio

295 2401 486 2469 etiam
509 2403 742 2469 conatu
765 2403 828 2468 et
854 2399 1052 2468 libere
1091 2401 1462 2490 acquirere,
1507 2401 1621 2481 iis,
1656 2401 1769 2492 qui
1787 2400 1985 2471 libere
2006 2422 2151 2500 eam
2169 2422 2306 2468 non

294 2509 651 2600 acquirunt,
686 2509 858 2577 salva
883 2530 1000 2576 sua
1043 2507 1459 2586 beneficentia
1505 2510 1756 2578 nullam
1791 2509 1897 2577 vel
1923 2495 2250 2605 minorem
2278 2558 2298 2585 .

147 2629 167 2645 '
294 2638 490 2709 quam
533 2618 712 2707 cujus
752 2617 1008 2707 physice
1053 2637 1312 2708 capaces
1353 2622 1562 2700 essent
1584 2669 1600 2695 ,
1620 2617 2096 2686 ‚beatitudinem
2139 2638 2302 2687 con-

292 2727 457 2793 ferre
483 2775 501 2804 ,
563 2746 698 2793 non
740 2724 998 2814 quidem
1055 2724 1380 2793 voluntate
1432 2726 1828 2795 antecedenti
1856 2777 1873 2803 ,
1922 2726 2034 2795 sed
2084 2748 2305 2798 conse-

291 2832 514 2924 quenti
534 2882 553 2911 ,
581 2831 868 2921 exigente
914 2829 982 2900 id
997 2831 1253 2931 justitia,
1285 2832 1593 2922 sapientia
1611 2837 1676 2903 et
1702 2833 2028 2920 sanctitate
2053 2832 2295 2906 divina.

1048 3036 1435 3096 ARTICULUS
1457 3039 1556 3098 111.

767 3183 865 3248 'De
877 3183 1135 3270 justitiet
1152 3196 1209 3248 et
1229 3183 1651 3249 misericordia
1675 3181 1814 3251 Dei.

386 3360 537 3431 164.
589 3360 626 3431 J
628 3383 858 3432 usnru
887 3364 1240 3456 generatim
1285 3369 1540 3457 sumpta
1594 3359 2029 3436 communiter
2068 3360 2296 3434 defini-

290 3475 400 3537 tur
445 3457 825 3546 :Voluntas-
865 3474 1176 3539 tribuendi
1219 3474 1543 3561 unicuique
1600 3497 1775 3542 suum
1817 3477 1951 3562 jus.
2000 3472 2118 3541 Ast
2154 3472 2290 3541 haec

293 3575 574 3646 definitio
591 3580 845 3668 justitiae
892 3580 1148 3670 proprio
1179 3600 1367 3647 sensu
1413 3578 1548 3666 Deo
1597 3603 1729 3648 non
1751 3581 2047 3648 convenit
2075 3631 2093 3658 ‚
2144 3602 2291 3648 cum

294 3705 489 3751 nemo
532 3686 640 3774 jus
671 3685 880 3754 ullum
921 3688 1172 3779 proprie
1215 3677 1456 3756 dictum
1499 3689 1568 3755 in
1615 3686 1825 3757 Deum
1870 3688 2119 3758 habeat.
2177 3688 2293 3759 Ita-

360 3914 428 3981 (1)
463 3915 736 3983 mendic-ed,
760 3880 874 3971 sect.
896 3921 960 3971 11.
983 3935 1088 3985 cap.
1113 3921 1244 3990 ²‚De
1271 3920 1646 3988 independentia
1670 3922 1778 3974 Dci.
1801 3921 1925 3987 Peg.⁴
1945 3924 2033 3973 810
2054 3925 2104 3974 et
2121 3935 2255 3987 seqq.
