2988 4832
1203 455 1332 526 285

274 577 450 650 niam
475 573 894 674 pro‘pte'r'ejus
917 578 1392 652 infinitudinem
1413 580 1609 652 unico
1632 586 1948 676 conceptu
1980 581 2294 675 completo

272 687 494 782 attingi
522 708 656 759 non
682 693 905 781 potest,
956 689 1077 760 sub
1114 691 1451 781 multiplici
1483 692 1663 783 quasi
1701 697 1991 783 respectu
2032 690 2300 782 spectari

272 818 312 865 a
343 797 527 867 nobis
551 797 731 877 solet,
772 798 861 867 ita
890 803 965 867 ut
990 798 1490 890 metaphysicam
1517 801 1589 868 in
1620 800 1757 891 ipso
1790 801 2149 876 essentiam.
2182 819 2303 867 nec

271 924 407 973 non
436 905 605 974 varia
629 903 928 974 attributa
952 903 1035 975 ab
1058 908 1136 976 ea
1161 908 1631 999 promanantia,
1665 929 1810 999 quae
1836 906 2030 976 simul
2052 912 2302 998 sumpta

268 1010 600 1103 physicam
647 1015 784 1105 ejus
822 1015 1160 1085 essentiam
1203 1037 1316 1086 seu
1363 1022 1663 1085 naturam
1712 1015 2001 1085 divinam
2046 1013 2300 1083 consti-

233 1129 248 1149 *
270 1126 477 1198 tuant.
507 1144 629 1192 con
637 1122 1009 1192 sideremus.
1030 1120 1185 1193 Haec
1199 1129 1421 1193 tamen
1440 1121 1741 1192 attributa
1756 1144 1967 1214 neque
1989 1121 2073 1192 ab
2095 1143 2303 1192 essen-

270 1228 355 1299 tia
400 1230 833 1322 metaphysica
849 1283 866 1311 .
908 1250 1120 1322 neque
1156 1231 1323 1302 inter
1356 1252 1423 1301 se
1468 1230 1723 1299 realiter
1767 1228 2253 1321 distinguuntur
2279 1282 2296 1308 ‚

269 1336 377 1405 sed
404 1340 763 1408 virtualiter
794 1344 1046 1409 tantum
1071 1360 1186 1411 seu
1214 1340 1348 1411 sola
1370 1339 1774 1411 distinctione
1798 1341 2061 1409 rationis
2091 1342 2298 1410 ratio—

275 1445 508 1514 cinatae
541 1446 651 1537 (1).

352 1573 558 1644 Porro
587 1579 841 1650 essentia
870 1576 1276 1668 metaphysica
1316 1574 1438 1647 Dei
1472 1578 1655 1667 juxta
1690 1596 2112 1645 communem
2142 1595 2305 1645 sen-

266 1683 535 1751 tentiam
557 1682 921 1773 reponenda
942 1689 1036 1753 est
1059 1684 1133 1753 in
1156 1680 1443 1778 absoluta
1466 1683 1812 1751 necessitate
1832 1684 2140 1751 existendi
2167 1684 2302 1752 sive

267 1788 336 1859 in
365 1791 519 1860 nota
546 1792 703 1859 entis
729 1815 773 1859 a
803 1813 883 1872 se,
909 1811 1056 1885 quae
1080 1793 1301 1860 ascitas
1322 1790 1539 1861 vocari
1568 1789 1748 1861 solet.
1777 1790 1862 1860 Et
1885 1813 2041 1861 vero

353 1918 641 1991 Essentia
669 1920 1099 2012 metaphysica
1124 1925 1220 1989 est
1254 1918 1366 1989 illa
1406 1925 1578 1998 nota,
1628 1940 1776 2012 quae
1803 1923 2013 2014 primo
2040 1923 2110 1991 in
2154 1929 2305 1994 ente

267 2050 425 2106 esse,
462 2027 683 2119 etqua
713 2028 877 2097 ratio
914 2027 1238 2096 sufficiens
1276 2031 1654 2097 caeterarum
1695 2028 2303 2099 determinationum

267 2137 336 2206 in
365 2142 537 2215 ente,
572 2141 644 2204 ut
677 2134 804 2205 hoc
837 2156 956 2204 ens
991 2135 1091 2213 sit,
1144 2136 1648 2205 necessariarum
1679 2138 2036 2228 concipitur
2072 2165 2091 2206 ε
2127 2140 2308 2228 atqui

268 2244 444 2334 juxta
472 2246 766 2311 nostrum
807 2241 1209 2335 concipiendi
1238 2243 1512 2312 modum
1555 2246 1780 2310 ascitas
1824 2265 1938 2312 seu
1984 2247 2304 2311 necessitas

267 2351 573 2421 existendi
623 2349 991 2441 concipitur
1030 2348 1091 2441 a)
1135 2350 1343 2440 primo
1385 2350 1459 2416 in
1482 2352 1615 2418 Deo
1661 2372 1779 2416 esse
1813 2372 1836 2419 .-
1867 2348 2179 2441 siquidem
2225 2372 2315 2420 ex*

268 2459 633 2552 cognitione
697 2480 926 2529 rerum
982 2452 1496 2550 contingentium
1554 2457 1637 2528 ad
1694 2478 1810 2529 ens
1873 2457 2303 2528 necessarium

267 2574 582 2659 tanquam
613 2567 698 2638 ad
728 2589 987 2638 causam
1011 2568 1297 2661 primam
1317 2567 1607 2659 adeoque
1641 2567 1726 2637 ad
1760 2590 1879 2638 ens
1903 2592 1947 2636 a
1972 2593 2034 2637 se
2069 2588 2306 2638 ascen-

267 2675 500 2748 damus
515 2676 586 2747 in
615 2672 1091 2770 probationibus
1117 2699 1239 2769 pro
1272 2675 1601 2746 existentia
1621 2673 1784 2758 Dei;
1819 2684 1884 2746 et
1902 2676 1955 2767 b)
1979 2699 2102 2767 qua
2136 2677 2305 2767 ratio

268 2783 579 2875 sufficiens
625 2796 987 2853 coelerarum
1025 2785 1598 2852 determinationum
1636 2785 1792 2851 entis
1818 2806 1842 2851 .·
1871 2782 2186 2874 siquidem
2227 2803 2304 2852 ex

266 2892 523 2961 aseitate
552 2914 667 2962 seu
707 2893 1071 2962 necessitate
1114 2888 1418 2960 existendi
1456 2888 1766 2981 probetur
1807 2909 1924 2960 ens
1953 2891 2304 2960 necessario

265 2999 505 3070 debere
532 3022 666 3072 esse
708 3000 1057 3079 infinitum,
1100 2997 1386 3090 adeoque
1430 2997 1579 3067 exin
1615 2993 1816 3109 fluere
1860 3002 2087 3065 caetera
2115 2996 2302 3066 attri-

278 3103 464 3177 buta.

356 3232 653 3306 Eandem
691 3234 1047 3306 doctrinam
1090 3237 1283 3305 etiam
1323 3235 1396 3306 in
1438 3236 1634 3305 sacris
1669 3236 1891 3305 litteris
1938 3256 2303 3327 expressam

274 3460 422 3529 qu'il
442 3461 549 3526 saie
570 3470 741 3516 tontes
766 3465 949 3518 choses
970 3481 1034 3518 cn
1057 3467 1107 3519 εἰ
1130 3465 1211 3519 bel
1234 3463 1390 3519 ordre
1412 3501 1429 3529 ,
1461 3479 1598 3518 nous
1628 3464 1920 3532 l'appelom
1938 3473 2058 3519 tout
2080 3478 2224 3534 saue,
2250 3474 2303 3517 es

268 3532 426 3586 ainsi
445 3532 938 3598 consecutivum-t,
959 3536 1106 3590 selon
1129 3538 1184 3590 la
1205 3536 1410 3592 varille
1433 3536 1496 3590 de
1510 3552 1591 3591 ses
1614 3552 1817 3591 oeuvres
1834 3573 1852 3600 ‚
1875 3551 2010 3591 nous
2035 3537 2116 3591 lui
2141 3538 2303 3591 euri-

268 3605 449 3658 buom
468 3619 569 3657 une
591 3607 790 3673 grande
806 3607 1064 3661 diversit&
1080 3608 1141 3661 de
1158 3610 1500 3678 perfectivus.
1523 3610 1659 3663 Bais
1690 3609 1986 3676 cependant
2005 3624 2070 3662 en
2092 3609 2229 3662 Βίου
2256 3607 2302 3661 il

268 3675 372 3742 n'y
387 3689 424 3729 a
443 3677 504 3729 m·
522 3676 726 3731 varille
736 3716 753 3742 ,
784 3680 846 3732 m·
866 3677 1158 3746 'differtum
1181 3680 1508 3748 quelconque
1531 3681 1592 3734 de
1614 3681 1974 3749 perfectione.
1999 3681 2137 3735 mais
2159 3681 2203 3733 il
2227 3689 2302 3733 est

269 3747 555 3890 itui-meme
574 3764 676 3805 une
708 3749 979 3808 tres-seule
998 3789 1020 3816 ,
1057 3752 1369 3823 trio-simple
1390 3764 1440 3808 ec
1470 3753 1940 3824 tres-uniquemmt
1967 3755 2164 3823 unique
2184 3767 2303 3822 per·

304 3824 506 3875 celion.

343 3907 412 3971 (ι)
439 3904 610 3962 onear.
634 3906 777 3963 Part.
804 3907 873 3963 11.
900 3910 1035 3964 sect.
1057 3911 1106 3963 a.
1129 3908 1252 3980 Cap.
1279 3914 1324 3964 3.
1352 3889 1471 3978 rag.
1493 3913 1587 3964 288
