2988 4832
1220 546 1350 618 253

830 927 1174 1011 FABS
1225 934 1750 1017 WER'E'NAE

1001 1249 1598 1329 THEODIGEA

1242 1451 1337 1494 em

544 1652 551 1660 .
693 1587 1231 1657 THEOLOGIA
1276 1590 1840 1658 NATURALIS.

377 1941 531 2012 111.
559 1938 937 2012 Turonocm
963 1938 1226 2011 nomine
1249 1958 1324 2010 ea
1350 1940 1608 2011 scientia
1629 1942 1808 2012 venit
1833 1947 1858 2022 ,'
1886 1959 2033 2034 quae
2065 1943 2144 2014 de
2165 1941 2307 2014 Deo

282 2048 602 2139 rebusque
614 2046 839 2119 divinis
853 2052 1095 2127 tractat,
1123 2047 1404 2139 adeoque
1415 2070 1535 2142 pro
1558 2045 1803 2141 objecto
1830 2038 2024 2120 habet
2051 2051 2303 2122 tertiam

282 2158 467 2226 illam
486 2156 897 2247 quaestionem
927 2183 943 2227 ε
982 2155 1149 2240 Quid
1167 2168 1254 2224 esc
1278 2158 1441 2224 Deus
1458 2160 1490 2224 ?
1520 2154 1766 2226 Dicitur
1788 2176 1940 2226 vero
1956 2154 2306 2249 Theologia

279 2269 598 2336 naturalis
647 2262 730 2332 ad
787 2265 1250 2334 distinctionem
1300 2284 1341 2332 a
1369 2261 1741 2355 {Theologia
1793 2265 2058 2332 revelata
2106 2291 2122 2346 ς
2185 2266 2304 2334 illa

281 2368 478 2442 tradit
500 2374 579 2444 de
611 2374 747 2446 Deo
774 2406 807 2456 ,¹
828 2394 972 2464 quae
1006 2392 1124 2464 ope
1156 2370 1415 2441 rationis
1451 2372 1699 2463 assequi
1740 2393 2079 2466 possumus
2106 2401 2124 2456 ς
2180 2374 2304 2443 haee

279 2497 546 2572 insuper
563 2482 770 2562 addit,
796 2502 940 2573 quae
963 2478 1318 2549 naturalem
1338 2478 1772 2570 intelligentiae
1789 2479 1925 2550 vim
1950 2489 2298 2574 superant,

279 2584 593 2680 nobisque
623 2589 832 2660 solum
864 2587 1117 2681 speciali
1136 2585 1255 2657 Dei
1274 2586 1774 2671 manifestatione
1813 2587 2250 2662 innotescunt.
2345 2649 2349 2653 a

373 2770 806 2865 Quaecumque
836 2778 1052 2842 autem
1100 2772 1178 2840 de
1227 2772 1363 2842 Deo
1412 2772 1548 2843 solo
1598 2774 1858 2844 rationis
1910 2774 2300 2847 adminiculo

208 2921 224 2929 ο
278 2882 728 2973 cognoscimus
749 2932 766 2961 ‚
809 2881 1032 2951 referri
1063 2884 1326 2970 possunt
1361 2880 1466 2947 vel
1492 2880 1575 2947 ad
1611 2884 1749 2969 ejus
1778 2882 2170 2951 eaeistentiam
2196 2884 2302 2953 vel

275 2987 372 3057 ad
397 2989 531 3080 ejus
549 2990 874 3058 attributa.
918 2986 1241 3056 Attributa
1267 3009 1421 3056 vcro
1457 2986 1582 3056 alia
1621 2989 1928 3057 dicuntur
1974 2992 2251 3059 absoluta
2275 3044 2292 3070 ,

276 3117 433 3187 quae
456 3096 690 3165 scilicet
712 3095 871 3176 Deo,
895 3094 1178 3167 absolute
1207 3116 1320 3163 seu
1341 3095 1583 3164 ratione
1615 3095 1714 3163 sui
1741 3094 1954 3164 solum
1980 3101 2258 3186 spectato
2274 3148 2290 3175 ,

279 3204 715 3286 conveniunt3
748 3205 872 3274 alia
890 3205 1152 3273 relativa
1181 3253 1199 3282 ,
1231 3223 1373 3292 quae
1401 3206 1553 3270 sunt
1574 3201 1834 3293 quidem
1861 3201 2143 3271 absolute
2162 3201 2298 3271 Deo

279 3310 541 3403 proprIa
561 3361 581 3391 ,
638 3310 748 3380 sed
780 3333 925 3402 quae
957 3309 1150 3380 simul
1177 3308 1523 3400 respiciunt
1558 3308 1912 3377 terminum
1948 3310 2230 3401 aliquem
2258 3333 2298 3379 a

279 3413 425 3484 Dco
440 3416 784 3486 formaliter
808 3418 1173 3487 distinctum
1200 3468 1217 3497 .
1249 3438 1363 3486 seu
1385 3415 1725 3486 involvunt
1745 3416 1815 3485 in
1845 3438 1959 3485 suo
1985 3423 2296 3509 conceptu

283 3524 661 3594 relationem
680 3526 960 3616 aliquam
987 3526 1106 3596 Dei
1127 3528 1209 3597 ad
1230 3527 1512 3616 aliquem
1534 3526 1910 3595 terminum.
1980 3524 2196 3617 Itaque
2225 3530 2295 3594 de

287 3617 417 3699 Dsw
435 3634 556 3701 sive
586 3636 847 3703 absolute
868 3636 992 3704 sive
1010 3638 1259 3705 relative
1275 3644 1534 3724 spectato
1563 3635 1635 3703 in
1667 3634 1870 3704 tribus
1897 3633 2295 3705 Sectionibus

288 3740 379 3811 ita
398 3761 680 3835 agemus,
709 3745 864 3815 utin
881 3745 1091 3837 prima
1107 3745 1494 3813 existentiam
1517 3739 1637 3813 Dei
1661 3769 1678 3825 ς
1704 3741 1775 3812 in
1803 3743 2085 3813 secunda
2107 3745 2294 3812 attri-

290 3849 438 3920 buta
457 3854 586 3944 ejus
606 3853 923 3936 absol-uta,
952 3858 1016 3928 et
1055 3854 1127 3925 in
1164 3853 1346 3927 tertia
1381 3851 1685 3924 attributa
1717 3856 1846 3942 effus
1885 3851 2148 3921 relativa
2178 3843 2318 3920 ex·-¹

289 3955 672 4052 pendamus.

472 4070 517 4119 ιι
1209 4062 1215 4069 “
1299 4063 1347 4070 ”
1571 4063 1572 4066 ’
1898 4050 1988 4118 22
