2988 4832
1535 476 1661 545 184

679 601 735 692 ὁ)
760 600 1037 685 Eatenus
1057 601 1268 673 solum
1288 600 1531 694 aliquid
1554 622 1784 672 verum
1804 605 1920 675 aut
1937 601 2288 695 pulchrum
2318 654 2334 679 ,
2370 604 2623 694 sapiens

594 715 702 797 aut
716 711 964 799 Justum
978 709 1193 780 *dicere
1212 732 1569 802 possumus,
1603 716 1919 801 quatenus
1945 710 2415 802 cognoscimuS,
2433 757 2438 762 -
2459 711 2622 778 illud

592 838 746 886 cum
761 817 907 887 idea
926 819 1199 888 veritatis
1220 824 1328 886 aut
1341 818 1875 907 pulchritudinis,
1890 818 2216 908 sapientiae
2244 824 2353 885 aut
2365 817 2626 907 Justitiae

502 978 509 985 .
592 945 724 992 esse
751 927 1103 1001 conforme.
1144 925 1313 994 Nam
1350 948 1505 995 cum
1541 925 1787 1016 aliquid
1820 925 1963 993 dico
2015 947 2245 993 verum
2292 931 2402 992 aut
2446 924 2624 1016 pul-

592 1031 868 1111 chrum,
905 1031 1163 1123 judico:
1191 1034 1366 1123 atqui
1389 1033 1472 1102 ad
1493 1055 1686 1102 omne
1700 1031 2017 1123 judicium
2048 1033 2467 1122 requiruntur
2488 1030 2622 1099 sal-

592 1142 726 1207 tem
748 1139 890 1208 duae
913 1140 1105 1220 ideae,
1126 1142 1230 1210 (16
1262 1162 1539 1231 quarum
1561 1142 1726 1208 inter
1757 1160 1823 1217 se
1860 1139 2299 1207 conformitate
2334 1136 2439 1206 vel
2485 1138 2623 1206 dif-

589 1246 900 1314 formitate
928 1249 1456 1341 pronuntietur;
1503 1269 1658 1339 ergo
1699 1246 1771 1315 in
1825 1266 1984 1315 casu
2029 1246 2232 1338 posito
2273 1245 2621 1336 requiritur

550 1353 762 1423 idea
777 1354 913 1421 veri
962 1354 1065 1424 vel
1121 1352 1376 1447 pulchri
1425 1355 1771 1434 normalis,
1842 1375 2123 1445 quacum
2156 1374 2523 1444 comparem
2551 1366 2622 1432 et

583 1463 760 1551 J'uxta
787 1483 984 1552 quam
1012 1461 1356 1553 dijudicem
1399 1484 1594 1531 omne
1622 1485 1852 1531 verum
1874 1462 1981 1531 vel
2006 1463 2376 1553 pulchrum.
2413 1460 2617 1532 Porro
2700 1478 2703 1487 ’

589 1567 728 1636 haec
747 1568 888 1637 idea
910 1570 1214 1638 normalis
1237 1571 1373 1639 veri
1403 1570 1510 1638 vel
1549 1571 1803 1661 pulchri
1826 1592 1961 1639 non
1998 1576 2200 1662 potest
2234 1570 2503 1639 derivari
2536 1593 2616 1638 ex

590 1698 742 1744 vero
761 1676 868 1744 vel
899 1677 1170 1767 pulchro
1203 1700 1318 1768 per
1347 1699 1569 1746 sensus
1602 1682 1943 1778 percepto;
1990 1676 2140 1766 quia
2167 1674 2508 1768 inprimis,
2541 1682 2618 1742 ut

588 1786 761 1865 dixi,
805 1790 974 1852 omne
1009 1807 1240 1854 verum
1267 1786 1372 1853 vel
1415 1760 1764 1878 pulchrum
1797 1807 1915 1877 per
1961 1806 2183 1853 sensus
2230 1790 2600 1878 perceptum

579 1895 759 1984 juxta
780 1892 961 1960 illam
983 1890 1193 1963 ideam
1221 1892 1663 1983 dijudicamus;
1690 1892 1838 1962 dein
1861 1893 2012 1986 quia
2029 1913 2225 1961 omne
2246 1912 2475 1961 verum
2503 1891 2617 1960 vel

584 1994 931 2095 pulchrum
951 2022 1065 2091 per
1086 2021 1306 2068 sensus
1325 2007 1697 2092 perceptum
1719 2004 1814 2070 est
1844 2023 2076 2070 verum
2099 1999 2204 2069 vel
2250 1997 2614 2090 pulchrum

580 2110 708 2197 tale
730 2161 746 2187 ,
767 2110 946 2198 juxta
972 2107 1143 2198 quod
1174 2088 1633 2199 consequenter
1661 2109 1785 2176 alia
1811 2129 1964 2178 vera
1990 2107 2095 2177 vel
2118 2106 2395 2198 pulchra
2413 2105 2613 2173 etiam

588 2220 746 2285 talia
773 2214 1103 2317 dijudicari
1131 2236 1266 2283 non
1298 2219 1564 2306 possunt
1589 2244 1606 2297 ;
1646 2222 1709 2284 et
1728 2214 1995 2284 demum
2038 2216 2188 2307 quia
2216 2212 2615 2310 experientia

587 2332 738 2395 teste
767 2327 900 2418 ipsa
927 2324 1309 2416 exemplaria
1335 2326 1470 2393 veri
1491 2326 1595 2394 vel
1624 2325 1878 2416 pulchri
1899 2324 2041 2392 talis
2068 2322 2251 2392 nobis
2288 2323 2613 2414 proposita

586 2426 756 2526 juxta
782 2434 1191 2523 originariam
1218 2431 1500 2523 aliquam
1525 2434 1737 2503 ideam
1768 2426 2211 2559 dijudicamus,
2275 2432 2483 2514 Quam
2535 2433 2611 2501 in

586 2564 727 2611 rem
741 2544 878 2631 jam
888 2540 1158 2608 Kantius
1175 2540 1660 2610 animadvertit·
1645 2544 1957 2632 :quemvis
1979 2544 2048 2610 in
2078 2563 2166 2610 se
2175 2540 2465 2631 experiri,
2506 2562 2602 2618 se,

444 2737 457 2752 Ι
580 2649 1077 2740 tametsilaliquis
1097 2654 1170 2717 ut
1191 2649 1515 2740 exemplar
1538 2643 1783 2717 virtutis
1805 2649 1923 2718 sibi
1942 2654 2354 2741 proponatur,
2379 2670 2606 2719 veram

585 2760 838 2829 virtutis
859 2766 922 2826 et
950 2759 1359 2849 originariam
1394 2758 1605 2827 ideam
1627 2746 2084 2841 nihilominus
2066 2782 2136 2828 111
2161 2781 2227 2829 se
2250 2759 2508 2838 habere,
2536 2765 2606 2829 et

460 2898 464 2902 ·
579 2869 758 2959 juxta
786 2867 956 2935 hanc
981 2868 1173 2936 etiam
1194 2867 1416 2935 datum
1442 2867 1769 2957 exemplar
1799 2887 2170 2959 comparare
2199 2874 2265 2935 et
2281 2868 2596 2958 judicare.

581 2968 753 3065 Ergo
774 2975 913 3043 idea
933 2977 1070 3043 veri
1087 2976 1189 3044 vel
1208 2975 1466 3065 pulchri
1481 2975 1850 3067 simpliciter
1879 2995 1922 3043 a·
1945 2975 2232 3045 sensibus
2257 2998 2394 3044 non
2420 2976 2605 3044 deri-

580 3088 788 3150 vatur.
826 3080 1070 3150 Eodem
1101 3082 1293 3151 modo
1322 3081 1685 3151 ratiocinari
1702 3082 1849 3186 licet
1874 3080 1951 3148 de
1985 3081 2129 3149 idea
2167 3082 2511 3150 honestatis
2534 3088 2606 3151 et

581 3198 864 3276 virtutis,
899 3199 1196 3268 bonitatis
1222 3205 1287 3268 et
1312 3200 1630 3292 sapientiae
1672 3176 2093 3304 omniumque
2123 3198 2599 3326 perfectionum

570 3304 991 3396 simplicium.

516 3553 518 3556 γ
563 3493 571 3502 ·
664 3449 719 3540 ο)
754 3449 822 3520 Si
848 3449 1004 3520 ideae
1027 3449 1161 3521 istae
1189 3473 1229 3520 a
1265 3453 1554 3558 sensibus
1586 3455 1997 3545 provenirent
2024 3464 2050 3533 ‚⁶
2080 3433 2215 3523 non
2244 3450 2600 3523 haberetur

578 3556 853 3645 perfecta
875 3560 1280 3629 conformitas
1318 3566 1383 3628 et
1414 3561 1722 3631 identitas.
1744 3584 1972 3631 earum
1998 3562 2170 3655 apud
2204 3582 2432 3629 omnes
2460 3559 2599 3628 ho·-

468 3733 491 3742 f
580 3666 813 3733 mines.
871 3665 1040 3735 Nam
1075 3690 1208 3737 non
1254 3660 1482 3738 omnes
1520 3670 1815 3739 homines
1859 3670 2113 3740 easdem
2155 3668 2597 3764 perceptiones

470 3817 483 3821 a
576 3773 898 3841 sensuales
927 3774 1167 3844 habent
1202 3801 1220 3844 z
1258 3777 1435 3865 atqui
1464 3777 1636 3845 circa
1670 3800 1901 3847 verum
1938 3778 2043 3846 vel
2083 3776 2434 3868 pulchrum
2462 3779 2587 3844 etc.

577 3878 944 3980 simpliciter
964 3903 1189 3955 omnes
1213 3884 1649 3968 conveniunt,
1696 3899 1793 3955 est
1824 3888 1886 3952 in
1931 3886 2180 3979 judiciis
2202 3886 2282 3957 de
2310 3906 2463 3960 vero
2486 3884 2593 3956 vel
