2988 4832
1631 475 1747 538 166

674 583 1077 669 humanum,
1127 587 1302 681 quod
1342 593 1685 677 communi
1731 592 2032 675 omnium
2069 611 2382 665 consensu
2428 597 2521 661 est
2563 614 2699 665 una

676 700 911 779 natura
937 705 1196 791 unaque
1230 720 1502 792 persona
1536 692 1871 782 humana;
1915 698 1982 769 id
2014 697 2186 791 quod
2219 690 2377 770 adeo
2414 703 2584 790 patet
2620 721 2699 770 ex

675 822 773 884 eo,
806 802 981 895 quod
1009 829 1237 883 omnes
1262 807 1558 878 homines
1592 829 1713 877 nec
1735 807 1852 877 soli
1876 808 2111 878 animae
2134 828 2256 877 nec
2279 800 2397 876 soli
2418 809 2693 899 corpori,

672 900 785 981 sed
816 908 1065 983 homini
1094 936 1171 984 ex
1200 921 1475 1006 utroque
1509 910 1885 985 coalescenti
1917 917 2194 985 actiones
2226 912 2697 983 denominative

567 1024 592 1129 ’κ
670 1016 973 1101 tribuant,
1013 1044 1080 1093 v.
1110 1046 1179 1113 g.
1215 1022 1507 1103 dicendO,
1536 995 1741 1093 homo
1761 1024 1968 1105 sentit,
2003 1022 2204 1092 homo
2231 1018 2512 1114 loquitur
2538 1024 2693 1103 etc.;

671 1149 825 1218 ergo
860 1128 1028 1197 inter
1073 1153 1303 1223 corpus
1332 1137 1395 1199 et
1433 1132 1721 1200 animam
1758 1154 1895 1201 non
1926 1153 2242 1223 apparens
2273 1133 2546 1208 tantum,
2584 1125 2699 1219 sed

676 1255 829 1304 vera
869 1241 933 1305 et
970 1235 1156 1306 realis
1196 1238 1353 1307 unio
1398 1242 1463 1308 et
1498 1235 1925 1332 dependentia
1966 1236 2348 1313 intercedit.
2383 1236 2578 1328 atqui,
2621 1240 2701 1304 ut

672 1347 840 1412 recte
871 1343 957 1412 ait
984 1338 1397 1424 Leibnitzius,
1436 1347 1566 1414 duo
1597 1346 1947 1437 horologia,
1981 1367 2126 1437 quae
2154 1345 2365 1415 solum
2390 1366 2507 1436 per
2527 1341 2741 1415 arti·-

672 1450 807 1519 ficis
831 1444 1086 1543 utrique
1118 1457 1481 1522 constanter
1517 1438 1898 1553 applicatam
1937 1474 2212 1523 manum
2240 1456 2705 1535 consonarent:
2730 1418 2746 1560 Ξ

644 1554 651 1622 ζ
672 1561 839 1628 certe
863 1575 940 1628 ex
966 1557 1091 1627 hoc
1112 1560 1293 1628 unita
1320 1555 1445 1629 dici
1483 1580 1621 1629 non
1649 1566 1945 1652 possent,
1975 1581 2131 1652 ergo
2155 1580 2277 1630 nec
2304 1558 2469 1628 inter
2492 1576 2698 1627 men-
2731 1564 2754 1664 ἶ

669 1671 804 1733 tem
836 1670 900 1734 et
930 1682 1159 1760 corpus
1199 1686 1353 1738 vera
1389 1664 1731 1771 intercedit
1765 1669 1921 1740 unio
1957 1669 2139 1785 Juxta
2181 1672 2456 1779 systema
2496 1662 2703 1739 assis-⁴

675 1771 918 1844 tentiae.
2646 1808 2679 1823 -

759 1948 1099 2025 2⁰1ntime
1122 1956 1457 2034 sentimus,
1489 1960 1565 2024 ut
1591 1972 1823 2047 corpus
1842 1940 2136 2025 nostrum
2158 1957 2513 2035 moveatur,
2542 1916 2695 2025 hon

672 2060 958 2132 sufficere
990 2063 1061 2132 in
1089 2063 1272 2133 nobis
1299 2062 1657 2155 simplicem
1690 2062 2090 2146 volitiouem,
2123 2063 2237 2132 sed
2261 2072 2481 2155 'reapse
2498 2082 2695 2153 agere

669 2188 791 2240 nos
828 2168 1079 2241 debere.
1120 2169 1325 2240 Aliter
1363 2171 1546 2240 enim
1584 2171 1894 2240 sentimus
1941 2191 2060 2240 nos
2102 2172 2491 2250 constitutos,
2530 2191 2699 2240 cum

670 2294 866 2347 curru
885 2277 1205 2358 vehimur,
1232 2275 1438 2358 aliter,
1466 2279 1627 2347 dum
1648 2278 1919 2371 pedihus
1937 2276 2344 2347 ambulamus
2367 2302 2384 2346 ε
2404 2276 2474 2348 in
2492 2278 2697 2369 priori
2745 2322 2751 2327 «

669 2402 821 2455 casu
843 2386 1144 2479 patimur,
1183 2385 1255 2455 in
1290 2384 1622 2479 posteriori
1657 2386 1931 2478 agimus,
1963 2385 2186 2477 Atqui,
2228 2385 2286 2455 si
2311 2382 2523 2454 volitio
2549 2400 2699 2458 uon

668 2492 890 2563 sitnisi
915 2494 1179 2574 eccesie,
1220 2495 1350 2584 qua
1376 2497 1685 2586 praesente
1719 2492 1937 2562 Deus
1918 2513 1989 2562 m
2017 2511 2280 2585 corpore
2301 2495 2515 2559 motus
2530 2511 2701 2582 pron

666 2598 876 2682 ducat,
906 2593 1190 2670 fallimur
1209 2621 1327 2692 per
1347 2617 1610 2671 sensum
1626 2600 1954 2681 intimum,
1984 2619 2113 2693 quo
2135 2600 2360 2682 intime
2374 2597 2705 2734 nentimub

664 2725 784 2779 nos
802 2707 1011 2802 agere,
1045 2706 1218 2799 quod
1238 2714 1336 2779 est
1349 2708 1738 2793 ⁸;absurdum
1767 2727 2006 2802 ergo...
2192 2759 2193 2762 ,
2228 2765 2237 2772 -
2334 2765 2349 2770 „
2448 2799 2451 2802 Α
2620 2715 2695 2802 a}

751 2877 823 2949 3⁰
866 2878 1204 2971 Repugnat
1224 2863 1538 2970 saptentiae
1575 2877 1826 2957 divinae,
1861 2881 1934 2945 ut
1969 2868 2207 2967 aliqum
2242 2865 2569 2945 mutzlzter
2575 2835 2699 2945 fa*—

661 2987 827 3056 ciat.
854 2989 1028 3079 atqui
1063 2989 1133 3057 in
1167 2993 1499 3078 systemate
1527 2986 1890 3055 assistentiae
1917 2979 2164 3052 inutilis
2195 2989 2352 3051 esset
2375 2988 2584 3050 tantus
2610 2969 2697 3053 iii

665 3114 927 3185 corpore
955 3100 1169 3178 nostro
1208 3116 1603 3185 organorum
1629 3097 1985 3215 apparatus,
2027 3097 2161 3159 tam
2185 3089 2484 3188 exquisita
2514 3097 2697 3158 ocu-5·

661 3191 898 3281 lorum,
928 3202 1205 3281 aurium,
1250 3195 1516 3281 cerebri,
1555 3200 1852 3269 omnium
1875 3195 2320 3269 membrorum
2344 3193 2693 3267 sensitivo-

662 3325 815 3381 rum
855 3313 1190 3389 structura,
1238 3314 1312 3377 ut
1351 3329 1504 3377 vere
1543 3307 1669 3377 alia
1709 3329 1845 3377 esse
1895 3303 2032 3377 hon
2072 3301 2303 3400 posset,
2358 3306 2411 3375 si
2440 3315 2695 3394 corpu!

661 3418 895 3489 animae
921 3423 996 3487 ut
1023 3420 1530 3488 instrumentum
1558 3417 1990 3486 sensationum
2019 3437 2284 3485 suarum
2304 3414 2691 3503 adjunctum

658 3530 843 3598 esset.
895 3522 1071 3602 Deus
1115 3526 1292 3595 enim
1336 3546 1486 3618 ιιοιι
1516 3524 1760 3615 indiget
1802 3524 1917 3595 illo
1956 3528 2292 3651 apparatu,
2336 3518 2687 3612 nequidem

661 3634 792 3725 qua
834 3636 1183 3714 occasione,
1235 3639 1307 3702 ut
1338 3577 1770 3720 affectiones
1750 3654 1822 3700 m
1865 3631 2086 3700 anima
2127 3630 2372 3698 excitet.
2422 3628 2686 3697 Inutilis

661 3746 823 3809 esset
866 3742 1056 3812 etiam
1109 3742 1244 3834 ipsa
1295 3741 1451 3809 unio
1493 3741 1726 3820 animae,
1772 3761 1922 3808 cum
1967 3758 2254 3831 corpore.
2299 3735 2683 3818 Affectiones

660 3844 837 3936 ὁιιίιιι
864 3850 1099 3930 auimae
1129 3847 1396 3932 perinde
1426 3831 1784 3927 motionum
1813 3866 1851 3923 a
1874 3845 2055 3922 Deo
2037 3869 2107 3921 m
2135 3860 2420 3946 corpore3
2457 3839 2532 3916 ct
2542 3861 2684 3950 mof
