2988 4832
1576 515 1708 589 226

636 644 740 709 tur
771 642 832 710 et
863 644 1008 712 actu
1034 656 1229 735 capax
1259 632 1330 709 fit
1364 639 1448 711 ad
1479 638 1810 734 ponendas
1842 633 2171 715 volitiones
2189 627 2629 736 particularem

630 768 785 840 ergo
825 750 1210 843 principium
1247 748 1667 842 subjectivum
1704 744 1913 826 omnis
1934 753 2251 825 volitionis
2284 755 2379 824 est
2421 752 2630 822 volitio

631 850 789 926 boni
817 857 938 927 sim
941 858 1209 950 pliciter'.
1227 855 1231 861 ’

720 1000 913 1068 Proh.
951 1001 1121 1070 Min.
1153 998 1322 1096 Nam
1351 1000 1645 1095 voluutas
1666 1003 1738 1074 in
1758 1004 2160 1073 volitionibus
2187 1003 2315 1073 suis
2341 1023 2632 1074 necessa·-

627 1105 726 1177 rIo
750 1106 948 1175 tendit
984 1106 1054 1175 in
1076 1106 1370 1177 bonum:
1414 1110 1588 1199 atqui
1610 1111 1759 1197 {non
1790 1115 1993 1202 potest
2030 1110 2286 1179 tendere
2318 1110 2390 1179 in
2415 1112 2632 1179 bonum

630 1212 889 1303 aliquod
925 1216 1045 1281 tale
1066 1264 1083 1292 ‚
1118 1216 1276 1304 quin
1307 1216 1525 1305 tendat
1542 1218 1612 1284 in
1660 1219 1880 1291 bonum
1904 1219 2262 1307 simpliciter
2276 1241 2302 1298 ,·
2335 1238 2492 1308 ergo
2499 1264 2627 1287 .....

719 1344 876 1415 Dico
923 1348 987 1415 1⁰
1045 1349 1331 1416 Voluntas
1377 1352 1705 1416 necessario
1753 1352 1947 1417 tendit
1986 1352 2057 1415 in
2099 1352 2338 1419 bonum.
2401 1348 2629 1421 Volitio

633 1456 810 1523 enim
839 1460 933 1524 est
971 1454 1403 1525 determinatio
1450 1463 1795 1547 spontanea
1848 1450 2187 1526 voluntatis
2231 1460 2315 1524 ad
2347 1459 2629 1546 aliquid,·

633 1585 786 1631 cum
807 1564 1010 1642 nihil,
1049 1565 1144 1632 uti
1165 1586 1299 1633 non
1329 1565 1789 1654 perceptionis,
1816 1564 1903 1631 ita
1947 1585 2068 1631 nec
2091 1542 2405 1632 volitionis
2426 1563 2629 1654 objec-

631 1683 775 1739 tum
804 1694 936 1740 esse
970 1673 1202 1762 possit.-
1229 1672 1400 1761 atqui
1447 1672 1572 1762 120⁶}
1593 1672 1833 1759 aliquid
1860 1669 2045 1737 debet
2066 1692 2196 1736 esse
2230 1671 2472 1741 bonum.
2495 1670 2631 1739 Na-

632 1780 777 1847 turs
812 1781 986 1846 enim
1037 1801 1152 1846 sua
1203 1801 1316 1845 ens
1361 1778 1625 1868 quodvis
1666 1777 1921 1867 quaerit,
1967 1777 2133 1866 quod
2167 1777 2285 1845 sibi
2335 1779 2627 1846 convenit

634 1892 990 1976 statumque
1025 1908 1216 1953 suum
1229 1887 1673 1975 'perfectiorem
1714 1884 1916 1952 reddit
1948 1884 2028 1974 (1)
2061 1911 2077 1952 ι
2108 1884 2283 1975 atqui
2324 1884 2389 1954 id
2416 1936 2434 1964 ‚
2468 1884 2636 1975 quod¹

632 1993 835 2061 reddit
894 1998 1125 2061 statum
1199 1992 1358 2061 entis
1412 1995 1846 2084 perfectiorem
1882 2043 1900 2070 ‚
1954 1995 2047 2060 est
2106 1992 2355 2060 bonum
2400 1993 2560 2060 entis
2608 2018 2624 2060 ε

635 2091 786 2190 crgo
829 2122 942 2168 ens
994 2100 1256 2191 quodvis
1301 2102 1526 2191 quaerit
1568 2100 1689 2168 sibi
1737 2099 1986 2168 bonum
2006 2149 2025 2181 ,
2079 2099 2360 2193 adeoque
2422 2100 2627 2170 omnis

633 2209 854 2277 ‘volitio
889 2209 1237 2276 necessario
1262 2209 1460 2276 tendit
1505 2208 1574 2275 in
1596 2207 1868 2276 bonum.

722 2339 879 2409 Dico
914 2366 930 2408 t
967 2341 1033 2408 2ο
1080 2343 1298 2408 Volitio
1326 2348 1449 2408 non
1473 2353 1664 2432 potest
1702 2336 1935 2408 tendere
1962 2341 2031 2409 in
2060 2343 2279 2410 bonum
2306 2343 2446 2423 tale,
2489 2343 2635 2432 quin

635 2451 841 2515 tendat
873 2451 943 2515 in
980 2450 1196 2514 bonum
1234 2452 1615 2537 simpliciter.
1650 2449 1872 2527 ‚Omne
1920 2451 2096 2518 enim
2126 2451 2372 2518 bonum
2410 2456 2635 2542 praeter

636 2556 882 2624 bonum
921 2558 1282 2645 simpliciter
1306 2563 1412 2622 *est
1453 2557 1696 2623 bonum
1739 2558 1861 2650 tole
1891 2582 1907 2624 :
1954 2559 2130 2647 atqui
2157 2558 2331 2648 prius
2365 2563 2464 2625 est
2479 2581 2635 2648 per-

637 2664 760 2754 cipi
800 2664 1047 2731 bonum
1088 2663 1452 2753 simpliciter
1477 2713 1497 2742 ,
1533 2685 1729 2753 quam
1772 2664 2018 2731 bonum
2057 2663 2180 2731 tale
2207 2664 2288 2755 (2)
2319 2692 2337 2745 3
2391 2686 2544 2755 ergo
2566 2666 2632 2732 in

639 2933 696 2982 fit
714 2934 775 2982 ad
788 2936 1114 2996 appetendum
1126 2936 1261 2986 hunc
1277 2938 1357 2985 vel
1379 2936 1522 2986 illum
1544 2937 1742 2990 cibum
1728 2953 1780 2988 m
1807 2938 1999 3000 specle·
2022 2937 2091 2987 sic
2112 2936 2279 2987 auimo
2304 2906 2554 2986 rationalis
2566 2934 2632 2983 fa·
2632 2907 2644 2913 ’

638 3007 814 3056 melica
833 3008 1190 3069 quodammodo
1215 3008 1373 3058 tendit
1402 3009 1456 3058 in
1475 3008 1651 3059 bonum
1672 3010 1967 3074 simpliciter
1984 3043 2003 3072 ,
2038 3012 2088 3058 et
2106 3022 2195 3070 per
2210 3009 2339 3057 hanc
2370 3019 2512 3056 suam
2527 3009 2633 3055 teu·

636 3076 863 3200 deptizgn·
876 3080 1036 3128 solum
1053 3080 1310 3141 expeditur
1331 3086 1380 3129 et
1398 3083 1511 3130 actu
1532 3075 1683 3143 capax
1712 3082 1768 3130 fit
1790 3082 1851 3130 ad
1885 3081 1981 3130 alia
2001 3079 2123 3129 bona
2152 3078 2310 3130 talia
2296 3092 2351 3128 m
2368 3078 2526 3141 specie
2549 3091 2632 3138 op-

638 3161 698 3211 pe
721 3164 781 3199 eu
817 3163 846 3198 a

697 3223 859 3284 Atque
895 3220 1011 3270 hinc
1030 3220 1181 3271 etiam
1200 3192 1472 3284 illucescit,
1508 3222 1764 3272 volitiones
1783 3223 1900 3272 boni
1924 3222 2033 3271 talis
2060 3236 2163 3272 non
2184 3220 2293 3271 fieri
2325 3216 2633 3279 necessarias,

637 3294 722 3343 sed
751 3306 950 3342 manete
971 3293 1176 3353 liber,as
1216 3293 1307 3342 etsi
1327 3293 1492 3342 volitio
1523 3293 1640 3342 honi
1660 3292 1945 3355 simpliciter
1970 3293 2032 3342 sit
2054 3286 2325 3343 necessario.
2346 3294 2395 3339 et
2414 3303 2577 3341 necess
2582 3303 2632 3337 a·

638 3365 715 3414 rio
739 3363 1119 3427 praerequiratur
1138 3365 1375 3425 tanquam
1406 3364 1635 3426 conditio,
1662 3364 1767 3413 sine
1787 3364 1885 3425 quii
1906 3378 2006 3413 non
2038 3364 2275 3426 possimus
2295 3362 2421 3411 velle
2450 3359 2634 3410 bonum

639 3436 837 3498 aliquod
868 3436 984 3485 tole.
1008 3435 1431 3494 Quemadmodum
1451 3436 1587 3485 enim
1606 3435 1850 3497 appetitus
1877 3435 1928 3482 in
1956 3435 2119 3484 cibum
2141 3436 2191 3484 in
2218 3446 2396 3497 genere
2422 3430 2532 3495 (etsi
2550 3444 2632 3478 uc·

640 3507 871 3558 cessarius
891 3505 1032 3571 esset)
1061 3507 1328 3555 necessario
1346 3507 1708 3569 praerequisitus
1741 3520 1842 3572 non
1875 3506 2079 3567 impedit
2116 3506 2393 3556 libertatem
2426 3501 2634 3563 eligendi

639 3590 837 3628 curnem
859 3578 1033 3637 potius,
1055 3589 1202 3638 quam
1233 3590 1410 3638 panem
1430 3580 1510 3627 vel
1540 3578 1675 3627 aliud
1703 3565 1858 3638 quid
1846 3591 1899 3627 m
1920 3576 2243 3639 particulari.
2266 3578 2336 3626 ito
2361 3587 2392 3624 n
2413 3576 2519 3636 puri
2542 3586 2633 3623 vo·-

639 3648 745 3700 litio
770 3648 884 3698 honi
901 3648 1185 3709 simpliciter
1206 3649 1475 3700 necessario
1496 3662 1597 3700 non
1616 3648 1820 3712 impedit
1838 3649 2116 3702 ubertmm
2134 3644 2349 3711 eligendi
2367 3641 2537 3701 inlr?
2509 3655 2630 3696 aona

552 3779 555 3783 .
639 3718 759 3768 tolia
782 3718 877 3767 hoc
899 3718 978 3767 vel
994 3718 1135 3769 illud.

699 3829 770 3897 (1)
798 3830 1024 3896 Psycliol.
1045 3831 1240 3900 Empzr.
1270 3827 1405 3888 Part.
1434 3829 1501 3889 11.
1526 3833 1646 3899 Cap.
1679 3837 1725 3887 1.
1751 3835 1875 3899 Peg.
1901 3836 1961 3885 st
2004 3837 2054 3885 et
2071 3847 2208 3897 seqq.

701 3937 770 4003 (Ξ)
805 3937 970 4002 Capite
989 3940 1299 4006 praecedeuti,
1322 3941 1428 3992 Art.
1451 3944 1499 3993 2.
1517 3903 1648 4005 Prop
1688 3944 1731 3991 1.
1755 3941 1878 4005 Peg..
1906 3943 1997 3993 182
2019 3943 2067 3994 et
2092 3951 2234 4005 seqq.
