2988 4832
333 626 653 709 creaturis,
690 628 781 703 N.
809 631 980 703 Min.
1009 638 1074 702 et
1100 632 1281 704 Com.
1313 632 1487 707 Deus
1515 627 1775 726 quidem
1796 632 1928 727 qua
1944 653 2064 708 ens
2086 633 2350 747 sapien·-⁴

328 721 643 808 {issimum
685 739 919 831 suique
971 741 1480 815 amantissimum
1537 743 1888 839 necessario
1940 747 2174 838 appetit
2237 746 2344 828 id,

328 844 499 939 quod
528 844 647 919 sihi
673 851 770 917 est
805 847 1055 929 melius,
1093 852 1162 921 et
1194 848 1372 931 hinc,
1409 847 1560 942 quia
1589 847 1727 920 Deo
1754 850 1984 939 melius
2007 856 2143 921 erat
2165 874 2348 927 exer-

328 975 469 1025 cere
522 953 902 1035 libertatem,
962 976 1162 1049 quam
1208 978 1343 1029 non
1393 978 1717 1038 exercere,
1773 955 1946 1027 Deus
1991 960 2348 1031 necessario

334 1081 478 1128 cam
507 1062 810 1157 exercuit.
849 1062 967 1133 Ast
1000 1065 1056 1137 si
1088 1062 1262 1137 Deus
1299 1064 1652 1135 necessario
1689 1065 2018 1159 exequitur
2039 1064 2103 1134 id
2116 1116 2133 1145 ,
2177 1065 2351 1156 quod

327 1166 559 1236 melius
610 1174 706 1237 est
747 1171 1070 1251 creaturis»,
1109 1171 1423 1240 debuisset
1467 1171 1617 1263 ipsis
1662 1173 1875 1253 etiam,
1926 1193 2075 1240 cum
2119 1172 2348 1240 melius

327 1275 409 1345 sit
460 1275 723 1346 existere
763 1298 965 1368 quam
1016 1298 1152 1348 non
1205 1279 1464 1348 existere
1477 1330 1496 1357 ,
1554 1279 1905 1347 necessario
1956 1278 2348 1348 existentiam

323 1385 615 1453 conferre
661 1406 741 1454 ac
784 1387 973 1473 proin
1006 1409 1094 1458 ne
1130 1388 1304 1460 circa
1336 1387 1621 1480 ipsarum
1659 1385 1922 1478 quidem
1963 1385 2351 1457 creationem

324 1489 493 1560 liber
523 1490 737 1559 suisset
891 1555 903 1562 ,
1660 1578 1669 1589 ,

334 1637 341 1645 ·
409 1607 834 1678 Confundunt
865 1612 937 1680 in
963 1611 1066 1681 his
1091 1616 1160 1682 et
1187 1599 1990 1704 sinfilibus‘objeetionibus
2018 1608 2213 1703 finem
2230 1611 2355 1679 Det·

319 1718 635 1805 operantis
675 1739 830 1786 cum
870 1723 992 1808 fine
1032 1723 1253 1809 operis.
1287 1719 1538 1791 Verum
1574 1720 1835 1810 quidem
1870 1724 2004 1799 est‘,
2052 1718 2350 1810 opificem

322 1843 398 1892 ex
427 1824 737 1915 sapientia
755 1826 978 1904 teneri,
1009 1831 1081 1895 ut
1104 1827 1245 1906 sibi,
1273 1849 1407 1895 non
1430 1848 1605 1905 vero,
1632 1832 1708 1899 ut
1730 1829 1921 1894 etiam
1944 1827 2119 1917 operi
2143 1823 2352 1894 finem·

324 1930 854 2023 perfectissimum
895 1921 1244 2026 praestimat
1259 1983 1288 2014 ,·
1325 1936 1446 2004 nisi
1491 1937 1649 2003 forte
1666 1987 1682 2013 ‚
1727 1940 1801 2002 ut
1848 1934 1981 2002 fere
2021 1933 2233 2002 evenit
2278 1932 2350 2001 in

321 2040 518 2111 rebus
561 2041 863 2111 humanis
883 2093 901 2122 ,
958 2044 1105 2112 finis
1148 2044 1358 2135 operis
1409 2042 1872 2113 indivisibiliter
1926 2046 2352 2110 connectatur

323 2170 484 2219 cum
513 2152 643 2224 fine
677 2154 1020 2245 operantiS.
1067 2151 1253 2234 Quod
1294 2153 1348 2219 si
1389 2151 1609 2218 locum
1633 2172 1770 2219 non
1812 2148 2073 2228 habeat,
2118 2148 2353 2225 sufficit

321 2255 649 2359 sapientiae
693 2261 932 2354 opificis
961 2313 977 2338 ‚
1025 2266 1100 2326 ut
1148 2281 1308 2351 opus
1352 2255 1600 2326 tantum
1644 2257 1878 2326 haheat
1918 2251 2347 2348 perfectionisss

325 2369 645 2458 quantum
665 2368 895 2438 suffieit
915 2364 1085 2435 illius
1111 2365 1251 2435 fini.
1303 2364 1408 2436 Sic
1456 2386 1522 2436 v,
1556 2389 1627 2460 g.
1682 2364 1737 2434 si
1763 2365 1905 2456 quis
1942 2363 2349 2458 horologium

325 2500 401 2549 eo
421 2484 679 2547 tantum
702 2478 832 2545 fine
861 2475 1151 2546 conficiat
1180 2527 1197 2554 ,
1225 2479 1298 2543 ut
1317 2474 1435 2543 sibi
1456 2471 1539 2543 a'd
1552 2473 1868 2543 horarum
1897 2471 2346 2543 indicationem

322 2585 655 2665 deserviat,
681 2585 877 2656 modo
899 2586 1015 2652 has
1027 2589 1242 2653 exacte
1267 2582 1523 2660 indicet,
1552 2583 1695 2672 quis
1711 2579 1953 2671 opificis
1973 2571 2349 2672 sapientiam

322 2693 705 2783 redarguat,
758 2714 838 2761 eo
870 2692 1044 2783 quod
1072 2712 1235 2783 opus
1261 2689 1597 2782 perfectius
1622 2710 1760 2757 non
1789 2688 2005 2757 fecerit
2024 2690 2059 2754 ‘2
2109 2686 2283 2779 Ergo
2304 2710 2346 2758 a

322 2803 492 2894 pari,
525 2819 680 2870 eum
710 2800 883 2874 Deus
901 2821 987 2871 eo
1015 2804 1269 2868 tantum
1293 2799 1423 2867 fine
1448 2797 1777 2874 creaverit,
1817 2802 1889 2866 ut
1914 2803 2234 2864 exerceret
2263 2798 2345 2863 li·-

322 2908 638 2980 hermtem
665 2960 683 2989 ,
755 2911 928 2979 hane
972 2915 1191 2978 autem
1227 2911 1548 2976 exerceret
1588 2926 1771 2994 aeque
1799 2925 1917 2993 per
1954 2903 2347 2974 creationem
2459 2973 2467 2981 ,

324 3020 548 3094 minus
562 3019 846 3111 perfecti,
881 3037 1083 3110 quam
1112 3016 1521 3109 perfectioris
1552 3012 1708 3104 quid
1727 3001 1844 3091 est,
1884 3031 2004 3082 cur
2024 3017 2355 3083 teneretur

329 3127 408 3197 ad
434 3128 821 3197 creationem
844 3124 1231 3219 perfectioris
1244 3125 1280 3191 ‘2

339 3248 582 3324 &Im
611 3246 678 3324 ¹·
704 3242 881 3316 Deus
895 3264 1037 3316 non
1049 3246 1158 3320 est
1180 3238 1345 3312 liber
1361 3238 1444 3310 ad
1460 3236 1722 3312 malum
1747 3234 2017 3316 moretm
2047 3249 2204 3327 ergo
2228 3245 2346 3314 ne-·

323 3373 458 3445 que
481 3352 568 3433 ad
585 3352 815 3435 miuus
834 3350 1085 3432 bonum
1102 3368 1241 3446 prae
1260 3346 1490 3436 maiori
1520 3343 1916 3434 eligendum.
1920 3341 2153 3438 [iopas
2168 3340 2348 3416 enim
2468 3435 2473 3440 ι
2524 3319 2525 3322 Ὺ

325 3459 670 3553 perfectius
695 3459 1138 3553 perfectiorem
1164 3454 1390 3548 probat
1419 3453 1738 3544 opificem.

419 3574 509 3666 Β.
540 3577 615 3649 C.
662 3578 817 3650 Ant.
862 3582 927 3656 et
954 3578 1042 3646 ..N
1080 3577 1259 3644 Cons.
1295 3571 1638 3665 Disparitas
1674 3571 1852 3644 enim
1899 3574 2036 3651 est;
2068 3519 2357 3642 malum

327 3704 569 3782 nempe
588 3682 833 3762 morale
861 3706 1016 3756 cum
1040 3683 1365 3753 sanctitate
1390 3678 1516 3754 Dei
1543 3682 1812 3771 pugnat,
1838 3681 1934 3751 ast
1959 3621 2189 3769 eligere
2217 3678 2361 3748 mis

327 3813 464 3866 nus
514 3792 867 3898 Perfectum
916 3815 1051 3891 prae
1092 3790 1488 3889 perfectiori,
1526 3786 1721 3859 modo
1767 3786 1886 3859 fini
1914 3776 2142 3859 statuto
2184 3806 2346 3858 con-

329 3908 572 3999 gruat,
595 3900 883 3990 nullam
924 3901 1188 3985 ἰιιιοικιἸ
1216 3893 1814 3982 imperfectionem
1792 3917 1864 3972 ιιι
1905 3891 2165 4002 1300,ae
2178 3890 2367 4002 ⁵019.
