2988 4832
377 591 723 675 essentialis
750 595 874 677 ‘rel
910 599 1017 676 in*
1035 606 1300 678 offi'n‘em
1344 608 1449 677 vel
1499 595 1572 677 in
1597 608 1896 702 ‘aliquam
1948 611 2226 681 tantum'
2241 616 2400 704 par-

380 719 518 782 tem
538 713 1024 786 determinatam
1050 716 1360 785 niteretur
1400 739 1422 787 =
1471 716 1649 807 atqui
1686 721 1989 788 neutrum
2022 717 2147 788 dici
2169 723 2395 810 potest.

380 822 526 892 Non
564 824 771 914 prius.
812 821 1011 901 {Nam
1066 823 1161 892 vis
1215 821 1334 892 ista
1391 823 1628 894 motrix
1688 826 1762 894 in
1819 847 2090 895 omnem
2147 831 2399 917 partem

381 928 592 1000 nitens
620 936 781 1001 esset
808 927 1019 1023 quoad
1038 930 1454 1001 directionem
1498 929 1618 1001 sibi
1662 932 1799 1023 ipsa
1824 933 2108 1026 opposita
2134 983 2154 1009 .
2196 934 2287 1001 ita
2326 945 2400 1001 ut

381 1038 559 1108 nisus
630 1060 703 1109 m
766 1038 938 1107 hanc
993 1044 1247 1130 partem
1298 1038 1648 1107 destrueret
1699 1038 1915 1108 nisum
1977 1038 2262 1129 ejusdem
2330 1040 2400 1108 in
2454 1024 2466 1043 ⁸

379 1151 627 1238 partem
655 1146 1007 1239 oppositam
1034 1151 1098 1215 et
1126 1146 1265 1215 vice
1303 1146 1509 1216 versa.
1550 1143 1728 1216 Sicut
1752 1146 1930 1215 enim
1957 1147 2052 1215 vis
2072 1146 2302 1216 motrix
2323 1169 2401 1218 ex

379 1254 744 1323 necessitate
768 1255 1052 1324 essentioe
1108 1251 1489 1346 supponitur
1503 1253 1781 1322 materiae
1798 1253 1999 1322 inesse
2017 1253 2299 1346 adeoque
2318 1253 2402 1324 ab

379 1360 650 1430 essenti-Cr
674 1361 990 1454 profluere
1010 1413 1028 1441 ‚
1072 1363 1159 1430 ita
1198 1367 1262 1429 et
1292 1362 1470 1430 nisus
1500 1361 1696 1453 ipsius
1720 1361 1817 1431 vis
1846 1362 1963 1430 erit
1991 1362 2397 1441 necessarius,

380 1472 444 1534 et
465 1518 483 1545 ,
521 1471 737 1561 utpote
764 1468 848 1536 ab
868 1470 1092 1538 eadem
1116 1469 1382 1538 essentia
1416 1468 1742 1561 profluens
1761 1519 1785 1550 ,
1812 1467 2403 1560 ejusdem-intensi·-

378 1573 522 1643 tatis
546 1601 566 1657 ς
601 1596 757 1666 ergo
777 1576 873 1644 vis
902 1576 1039 1645 ista·
1055 1575 1181 1645 hoc
1210 1578 1348 1668 ipso
1374 1627 1392 1655 ‚
1435 1574 1608 1666 quod
1631 1573 1877 1645 dicatur
1894 1575 2011 1644 niti
2041 1575 2112 1644 in
2138 1597 2402 1646 omnem

376 1687 649 1774 partem,
674 1682 745 1750 in
777 1683 1034 1752 nullam
1062 1683 1180 1751 niti
1197 1687 1457 1775 posset..
1486 1683 1632 1752 Non
1646 1684 1971 1773 posterius.
2002 1680 2172 1750 Nam
2195 1688 2400 1751 mate-

375 1791 478 1858 ria
497 1841 515 1868 ‚
560 1795 709 1879 teste
759 1790 1143 1883 experientia
1165 1840 1184 1868 ‚
1229 1790 1418 1858 variis
1445 1791 1792 1859 successive
1814 1789 2089 1859 motibus
2130 1791 2402 1881 agitatur

376 1903 453 1965 et·
465 1918 541 1964 ex
561 1896 835 1966 essentia
863 1897 980 1966 sua
1027 1896 1391 1965 indifferens
1431 1900 1526 1965 est
1562 1895 1645 1965 ad
1684 1918 2138 1988 quamcunque
2190 1896 2401 1966 direc-

378 2006 681 2074 tioneme
723 2005 903 2095 atqui
948 2004 1004 2074 si
1043 2003 1171 2096 qua
1221 2003 1479 2073 directio
1527 2003 1650 2094 ipsi
1696 2004 2038 2073 essentialis
2076 2009 2236 2075 esset
2253 2055 2273 2085 .
2325 2028 2402 2075 ea

378 2134 523 2181 non
537 2113 741 2204 magis
771 2112 1010 2182 mutari
1045 2116 1254 2205 posset
1276 2163 1295 2190 ‚
1346 2131 1545 2201 quam
1570 2111 1705 2202 ipsa
1742 2112 1878 2201 ejus
1910 2113 2200 2183 essentia.
2241 2110 2401 2194 Quae

377 2221 559 2290 enim
584 2219 669 2288 ab
691 2220 958 2289 essentia
989 2224 1179 2299 sunt,
1226 2221 1377 2287 sunt
1421 2219 1772 2286 necessaria
1803 2223 1880 2286 ut
1913 2219 2048 2310 ipsa
2084 2221 2350 2289 essentia
2375 2272 2394 2299 .

377 2335 595 2423 utpote
623 2351 700 2398 ex
734 2330 810 2398 ea
843 2335 1152 2422 tanquam
1199 2348 1280 2396 ex
1323 2326 1570 2394 ratione
1612 2326 1958 2395 sufficiente
1995 2325 2394 2421 profluentia.

376 2441 557 2531 Ergo
579 2445 749 2508 mate
758 2440 871 2507 riae
893 2437 990 2508 vis
1006 2434 1240 2507 motrIx
1262 2456 1398 2504 non
1424 2440 1519 2504 est
1543 2434 1883 2503 essentialis
1910 2433 1992 2526 (1)

466 2562 707 2635 Eadem
728 2571 1109 2654 argumenta
1129 2566 1352 2630 contra
1393 2565 1646 2629 motum
1682 2560 2079 2630 essentialem
2116 2545 2400 2633 materias

378 2673 666 2742 carmine
688 2692 823 2738 non
848 2670 1240 2762 ineleganter
1281 2667 1517 2738 evolvit
1539 2666 1690 2738 Em.
1718 2666 2068 2742 cardinalis
2088 2667 2398 2744 Melchior

378 2783 460 2852 de
482 2777 790 2870 Polignac
813 2776 925 2870 (2).

1057 2988 1694 3069 OBJECTIONES.

475 3197 582 3269 10.
618 3195 809 3268 ΟΒ].’
843 3195 907 3263 1·
940 3192 1088 3262 Idea
1113 3189 1329 3259 motus
1364 3185 1714 3258 includitur
1760 3186 1834 3254 in
1899 3183 2040 3255 idea
2068 3185 2392 3254 materiae:

380 3328 539 3397 ergo
565 3311 775 3376 motus
800 3301 1082 3372 materiae
1115 3306 1211 3368 est
1238 3296 1604 3382 essentialis·

469 3442 663 3513 Proh.
695 3440 854 3510 Ant.
912 3437 974 3529 α)
1018 3436 1167 3505 Idea
1210 3435 1489 3504 materioe
1537 3430 1811 3503 includit
1856 3431 2066 3501 ideam
2106 3428 2396 3499 divisibi-

444 3638 518 3707 (1)
547 3641 622 3692 Dc
650 3643 744 3692 hoc
761 3640 939 3691 ultimo
960 3640 1252 3703 argumento
1273 3634 1539 3686 conventre
1552 3632 1678 3683 adeo
1694 3629 1867 3682 debuit
1886 3630 1988 3692 ipse
2005 3628 2270 3679 atheon-nm
2291 3638 2399 3675 mo·

379 3715 529 3765 ‹lei-ni
543 3713 778 3776 temporis
798 3712 940 3761 facilc
967 3712 1209 3774 princeps,
1230 3708 1301 3757 La
1334 3708 1536 3769 Grange
1578 3705 1659 3754 vel
1689 3701 1873 3754 Paulus
1913 3701 2042 3750 Baro
2067 3700 2141 3750 de
2170 3697 2396 3749 Bolbach

381 3788 614 3849 (utroque
632 3782 768 3833 enim
801 3781 1005 3846 nomine
1024 3780 1218 3829 infamis
1238 3775 1343 3842 est)
1389 3777 1442 3826 in
1469 3788 1561 3826 suo
1586 3786 1734 3837 opere
1759 3783 1774 3821 ε
1795 3770 2018 3833 Βῃείὸιπε
2034 3769 2099 3821 de
2122 3770 2174 3821 Ia
2193 3770 2390 3821 nature.

379 3857 513 3908 Vide
532 3856 739 3919 synope.
770 3853 895 3904 nist.
924 3853 1048 3914 phil.
1069 3851 1267 3904 Pei-iod.
1283 3849 1372 3904 111.
1401 3849 1589 3917 Epoch.
1621 3844 1781 3900 2.--1.
1812 3843 2025 3909 Empiris
2056 3843 2113 3896 in
2150 3842 2271 3894 fine.

440 3927 512 3993 ¹2)
541 3925 871 3981 Anu-Lucrct.
892 3923 1001 3978 Lib.
1027 3926 1073 3978 ⁴.
2087 3978 2131 4047 2

561 4011 607 4057 ΙΙ
