2988 4832
2186 364 2228 404 ἱ

1262 514 1392 584 349

314 644 472 731 ¹tura
499 633 781 729 adeoque
823 624 1117 705 omnium
1152 655 1374 701 rerum
1402 635 1545 701 tuni
1575 630 1980 700 intrinsecam
2007 675 2025 707 ‚
2066 638 2206 697 tum
2238 649 2337 696 re·

327 745 594 815 lativam
634 745 1026 824 bonitatem:
1068 743 1134 810 2·
1171 738 1452 833 seipsum
1491 742 1774 829 adeoque
1811 742 1873 806 et
1916 737 2076 804 fines
2110 730 2335 803 rationi

330 874 465 923 suae
495 853 775 922 maxime
809 849 1297 929 convenientes;
1343 844 1427 917 3“’
1455 847 1818 916 mediorum
1847 850 2145 915 naturam
2180 842 2339 913 inti-

331 983 516 1031 mam
548 1012 566 1040 ,
616 966 680 1030 et
713 959 869 1029 hinc
922 979 1148 1028 omnes
1185 954 1511 1049 possibiles
1551 975 1751 1023 nexus
1810 958 1874 1021 et
1913 950 2342 1022 combinatio-

318 1089 452 1141 nes
475 1119 493 1149 ,
538 1069 823 1158 adeoque
861 1070 925 1134 et
958 1065 1438 1158 dispositionem
1480 1066 1761 1136 maxime
1801 1060 2289 1129 convenientem
2315 1109 2333 1136 ,

334 1181 406 1245 ut
425 1174 638 1243 media
671 1173 754 1242 ad
788 1173 988 1242 finem
1012 1170 1362 1253 certissima
1388 1192 1464 1240 ac
1500 1167 1874 1240 brevissima
1904 1166 2011 1236 via
2055 1167 2290 1237 ducant
2316 1191 2337 1236 z

336 1280 511 1373 atqui
549 1280 620 1348 in
658 1279 897 1349 harum
941 1302 1164 1348 rerum
1211 1278 1544 1370 adaequata
1590 1282 1653 1344 et
1695 1273 2074 1345 sixmfltanea
2118 1273 2343 1366 cogni-

338 1392 506 1458 tione
556 1385 836 1458 consistit
874 1406 1129 1457 summa
1168 1384 1471 1477 sapientia
1500 1411 1517 1464 3
1566 1404 1722 1473 ergo
1761 1378 1935 1451 Deus
1962 1386 2055 1449 cst
2084 1382 2338 1472 sapien·

319 1497 645 1597 tissimus,

1145 1695 1427 1771 CAPUT
1475 1694 1559 1768 11.

948 1922 949 1927 κ
996 1884 1087 1949 De
1118 1881 1425 1947 voluntate
1461 1878 1708 1945 divina

430 2117 582 2186 151;
633 2114 1055 2184 VomNrA‘rEu
1097 2112 1287 2201 prout
1331 2112 1425 2174 est
1479 2105 1781 2194 appetitus
1837 2101 1981 2168 boni
2031 2101 2108 2166 ab
2158 2099 2353 2164 intel-

340 2228 495 2293 lectu
525 2200 834 2315 propositi
882 2218 1019 2288 Deo
1064 2219 1265 2285 inesse
1312 2234 1505 2281 nemo
1550 2198 1860 2301 unquam>
1880 2206 2180 2297 negavit;
2236 2226 2352 2271 ca-

316 2332 628 2402 vendum
671 2336 890 2397 tamen
918 2331 1050 2404 est,
1098 2345 1182 2391 ne
1211 2323 1283 2388 in
1312 2319 1447 2403 Deo
1471 2372 1488 2398 ‚
1528 2319 1623 2385 uti
1650 2317 1721 2385 in
1763 2314 2060 2389 homine,
2112 2309 2350 2379 volun·-

340 2449 538 2511 tatem
573 2448 873 2532 putemus
917 2456 1052 2505 esse
1088 2430 1452 2502 facultatem
1480 2428 1565 2498 ad
1590 2422 2020 2517 appetendum
2046 2416 2354 2490 determi-

340 2549 655 2618 nabilem.
696 2545 870 2616 Nam

437 2703 587 2771 152.
638 2696 881 2769 PROP.
926 2695 1254 2768 Voumns
1284 2716 1386 2763 nm
1427 2714 1533 2762 Esr
1582 2709 1765 2760 Acras
1812 2705 2001 2756 »unns
2028 2736 2045 2766 ,
2090 2703 2215 2763 Quo
2263 2701 2345 2750 Aa

346 2832 605 2883 manno
633 2831 791 2877 vum
810 2858 827 2886 ,
877 2824 1252 2883 Qufficunoun
1278 2820 1461 2867 vum.

435 2967 625 3034 Proh.
665 2963 731 3032 1⁰
763 2946 1077 3032 Voluntas
1093 3008 1110 3037 ,
1145 2977 1224 3025 ex
1250 2952 1517 3023 essentia
1543 2950 1657 3018 suti
1694 2946 1931 3024 activa,
1966 2941 2107 3013 ideo
2132 2940 2202 3009 in
2230 2935 2362 3009 ho-'

348 3076 523 3145 mine
559 3076 849 3144 remanet
882 3064 1367 3137 indeterminata
1406 3081 1521 3129 seu
1551 3079 1591 3126 a
1617 3052 1892 3125 volendo
1935 3054 2047 3120 aut
2075 3048 2356 3119 nolendo

350 3183 654 3262 abstinet,
683 3179 832 3271 quia
870 3176 953 3244 ab
968 3159 1306 3261 *intellectu
1342 3168 1460 3260 ipsi
1493 3188 1627 3268 non
1653 3162 2101 3255 proponuntur
2127 3175 2358 3223 omnes

350 3292 622 3361 rationes
640 3340 658 3370 ,
693 3285 924 3379 quibus
950 3278 1359 3351 determinari
1380 3275 1614 3367 possit:
1665 3271 1840 3361 atqui
1866 3266 2225 3338 intellectus
2254 3264 2357 3360 di·-⁴

352 3398 539 3470 vinus
567 3395 785 3467 omnia
805 3390 1251 3486 perfectissime
1274 3384 1596 3475 cognoscit
1616 3409 1633 3462 3
1668 3402 1821 3469 ergo
1849 3375 2030 3446 nulla
2052 3380 2145 3443 est
2165 3374 2356 3453 ratio,

355 3523 473 3580 cm·
497 3524 634 3576 non
662 3504 741 3573 sit
767 3521 1016 3590 semper
1050 3498 1120 3564 in
1143 3498 1320 3573 actu,
1358 3497 1580 3559 contra
1601 3490 1751 3579 ipsae
1781 3486 2057 3555 rationes
2075 3533 2093 3561 ,
2128 3478 2362 3572 quibus

356 3634 646 3704 unquam
697 3610 779 3679 ad
823 3605 1062 3697 aliquid
1106 3625 1172 3671 se
1226 3596 1783 3670 determinandum
1830 3590 2074 3661 moveri
2116 3587 2309 3679 possit
2332 3638 2355 3667 ,

360 3739 607 3811 semper
638 3739 679 3786 a
712 3717 844 3786 tota
871 3712 1212 3783 aeternitate
1245 3708 1361 3799 ipsi
1389 3709 1727 3798 praesentes
1758 3704 1947 3781 sunt3
1983 3719 2135 3788 ergo
2166 3695 2363 3766 otiam

355 3852 396 3898 a
418 3830 545 3898 tota
568 3828 906 3898 aeternitatc
926 3830 1018 3895 est
1040 3828 1186 3894 actu
1211 3815 1659 3888 determinatus
1681 3811 1764 3879 ad
1788 3829 2190 3903 quaecunque
2216 3803 2358 3877 vult

357 3935 655 4010 volenda.

539 4048 580 4092 n
2012 4008 2047 4075 3
2062 4007 2094 4071 Ἰ
