2988 4832
1344 497 1476 568 379

406 630 675 702 existere
710 656 730 702 ε
763 649 915 724 ergo
937 649 1042 701 eas
1067 646 1311 707 omnes,
1337 630 1434 697 uti
1456 628 1539 698 ad
1559 632 1953 704 existentiam
1976 639 2222 705 tantam
2238 650 2313 706 ac
2337 639 2431 706 ta·

414 740 567 820 lem,
584 743 669 809 ita
682 740 762 808 ad
781 740 1063 839 singulos
1080 759 1305 807 earum
1331 739 1669 831 effectussset
1684 745 1860 810 actus
1876 742 2254 812 determinat
2285 751 2430 814 actu

408 848 752 919 voluntatis
766 847 993 916 eodem
1014 873 1032 915 ι
1053 846 1230 937 atqui
1249 851 1427 915 actus
1437 845 1578 927 Dei,
1596 869 1726 940 quo
1747 856 2066 919 creaturas
2088 875 2200 922 seu
2211 875 2432 924 causas

407 956 791 1027 necessarias
834 954 915 1023 ad
938 959 1185 1022 tantam
1217 974 1294 1022 ac
1325 954 1523 1023 talem
1566 956 1961 1027 existentiam
2003 959 2386 1030 determinat
2405 1012 2426 1039 ‚

410 1070 506 1132 est
525 1065 656 1159 ipse
684 1068 862 1131 actus
902 1061 1392 1130 conservationis
1436 1062 1688 1131 dnectae
1717 1069 1782 1132 et
1804 1066 2081 1155 pontivas
2112 1068 2194 1159 (1)
2226 1097 2244 1150 ς
2278 1091 2432 1163 ergo

412 1172 604 1240 etiam
645 1175 827 1239 actus
873 1191 1002 1260 quo
1051 1167 1226 1236 Deus
1268 1171 1591 1237 concurrit
1643 1170 1725 1239 ad
1775 1174 2053 1242 actiones
2096 1196 2434 1245 causarum

285 1290 289 1295 ’
411 1280 907 1346 necessariarum
921 1327 944 1358 ‚
981 1299 1039 1364 ‚a
1075 1277 1556 1349 ,conservatione
1606 1277 1845 1350 directa
1887 1285 1951 1349 et
1994 1280 2260 1371 positiva
2292 1303 2430 1352 non

412 1387 505 1453 est
533 1376 894 1455 distinctus,
988 1456 1001 1467 ,

496 1552 618 1624 Hic
640 1560 856 1625 autem
886 1580 1208 1626 concursus
1233 1608 1249 1632 .
1307 1576 1393 1626 an
1428 1559 1817 1627 imnwdiatus
1853 1580 1936 1626 an
1980 1559 2278 1627 mdiatm
2310 1580 2433 1628 no·-

410 1664 760 1732 minandus
781 1664 900 1743 sit,
934 1687 1017 1732 ex
1044 1686 1239 1757 supra
1262 1665 1441 1734 dictis
1466 1667 1544 1734 lis
1564 1666 1644 1734 de
1680 1667 1880 1735 verbo
1908 1671 2027 1735 est.

495 1827 554 1919 b)
584 1830 924 1897 Concursus
940 1827 1060 1897 Dei
1088 1832 1174 1896 ad
1180 1833 1440 1898 actiones
1453 1830 1675 1897 vitales
1696 1831 2033 1920 spirituum
2058 1879 2077 1908 ,
2119 1829 2187 1908 i,
2230 1850 2267 1898 e
2295 1881 2312 1909 ‚
2350 1830 2435 1900 ad

408 1936 797 2028 cognitiones
813 1936 889 2004 'et
918 1938 1244 2007 volitiones
1265 1953 1693 2004 creaturarum
1722 1938 2059 2004 liberarum
2082 1948 2168 2004 est
2201 1937 2437 2004 simul-

409 2057 655 2125 tonsus,
686 2043 1068 2111 immediatus
1098 2044 1182 2113 ad
1208 2048 1369 2134 ipsos
1391 2055 1564 2111 actus
1585 2092 1606 2123 ,
1648 2048 1711 2110 et
1730 2042 1887 2113 hinc
1917 2068 1960 2109 a
1986 2047 2433 2112 conservatione
2555 2086 2562 2097 ·

408 2154 602 2222 etiam
628 2148 867 2222 directa
898 2159 961 2220 et
988 2152 1253 2244 positiva
1289 2154 1639 2220 distinctus.
1689 2148 1947 2219 Etenim
1981 2173 2058 2221 ex
2085 2173 2218 2220 una
2256 2159 2438 2244 parto

406 2261 583 2330 Deus
600 2264 879 2331 actiones
890 2263 1057 2353 ipsas
1084 2266 1394 2331 creaturas
1403 2260 1749 2340 rationaliS,
1767 2267 1980 2351 utpote
1999 2285 2193 2330 causoe
2202 2263 2426 2343 libera»,

409 2378 545 2440 non
577 2391 762 2462 aeque
790 2392 871 2440 ac
896 2372 1206 2441 creaturae
1228 2369 1611 2440 irrationalis
1639 2422 1656 2449 ‚
1696 2375 1913 2462 utpote
1941 2392 2139 2439 causo
2167 2394 2435 2442 necessa-

407 2480 525 2544 νέω
550 2529 567 2557 ,
630 2484 838 2571 potest
863 2483 1028 2546 -actu
1065 2477 1405 2547 voluntatis
1447 2499 1578 2548 suae
1625 2479 2184 2572 praedeterminare
2211 2533 2229 2562 ,
2282 2504 2437 2555 cum

409 2607 590 2654 secus
617 2586 851 2678 periret
874 2586 1133 2656 libertas
1186 2613 1204 2656 ε
1264 2610 1342 2657 ex
1369 2585 1570 2656 altera
1592 2607 1749 2656 vero
1778 2591 1957 2680 parte
1975 2638 1993 2667 ‚
2033 2593 2106 2656 ut
2148 2601 2439 2664 &satura

408 2696 741 2764 rationalis
765 2704 970 2762 actum
995 2693 1371 2765 rationalem
1395 2692 1500 2762 vel
1524 2693 1802 2765 liberum
1831 2707 2027 2786 ponat
2042 2747 2063 2777 ‚
2100 2720 2225 2764 non
2251 2700 2434 2786 suffi-

410 2804 497 2868 cit
519 2853 537 2883 ‚
593 2814 665 2869 ut
708 2803 872 2868 Deus
912 2823 1045 2868 cam
1073 2801 1278 2891 ipsam
1308 2802 1628 2892 ipsiusque
1657 2802 1794 2872 vim
1842 2823 2110 2872 omnem
2153 2827 2436 2895 cognos-

412 2905 600 2978 cendi
640 2913 731 2984 ct,
754 2907 1014 2978 volendi
1057 2909 1416 2997 simpliciter
1460 2922 1758 2976 conservet
1777 2959 1799 2988 ‚
1839 2909 1950 2976 sed
1973 2957 1993 2988 ,
2042 2916 2116 2977 ut
2148 2916 2437 2979 creatura

411 3016 752 3095 rationalis,
779 3038 846 3084 v.
885 3037 954 3107 g.
991 3035 1178 3084 mens
1207 3014 1500 3084 humana
1526 3020 1675 3086 actu
1698 3016 1974 3106 aliquam
2002 3016 2437 3106 cognitionem

411 3122 517 3191 vel
547 3123 920 3193 volitionem
966 3120 1193 3191 elicere
1228 3123 1462 3213 possit,
1519 3124 1863 3214 requiritur
1901 3124 2257 3195 necessario
2286 3177 2306 3204 ‚
2362 3133 2436 3194 ut

413 3228 588 3297 Deus
616 3241 761 3297 actu
788 3229 1151 3298 simultaneo
1179 3242 1237 3297 et
1274 3231 1625 3298 immediato
1651 3230 2048 3300 voluntatem
2075 3230 2434 3300 humanam

415 3343 707 3415 moveat,
742 3343 807 3405 et
828 3337 959 3427 qua
987 3338 1380 3430 principium
1409 3339 1795 3429 objectivum
1826 3339 2037 3408 omnis
2058 3338 2435 3430 cognitionis

415 3444 496 3512 ad
524 3444 806 3537 singulas
843 3446 1236 3536 cognitiones
1256 3499 1272 3525 ,
1330 3453 1393 3516 et
1435 3446 1565 3539 qua
1613 3446 2002 3540 principium
2048 3447 2434 3538 objectivum

417 3553 627 3622 omnis
687 3552 1008 3621 volitionis
1051 3552 1134 3622 ad
1171 3555 1454 3646 singulas
1491 3555 1824 3625 volitiones
1887 3557 2230 3626 immediate
2273 3579 2434 3626 con-

420 3665 653 3729 currat.
705 3646 879 3751 Ergo
925 3679 1246 3729 concursus
1289 3665 1408 3731 Dei
1451 3667 1538 3734 ad
1580 3665 1840 3734 actiones
1886 3679 2180 3736 creaturoe
2224 3668 2434 3735 ratio-

505 3916 553 3982 1)
586 3916 712 3969 Vide
736 3930 885 3983 supra
906 3934 957 3972 n,
987 3922 1096 3972 171.
1118 3920 1236 3985 Pag.
1263 3925 1373 3972 372.
1464 3977 1475 3980 ,
