2988 4832
1278 571 1397 644 251

348 709 737 804 inquirentes
763 711 845 783 ad
872 708 1165 806 quamvis
1190 704 1347 779 boni
1374 705 1649 801 speciem
1675 702 1835 776 forte
1865 701 2142 775 oblatam
2166 688 2347 771 ineli-

349 838 623 902 namurz
661 823 755 890 ast
795 816 931 911 ejus
975 810 1305 911 adeptione
1347 836 1481 885 non
1512 812 1814 884 satiamur
1832 862 1853 893 ,
1904 809 2073 903 quod
2128 824 2347 878 rursus

346 928 572 1019 probat
591 980 608 1009 ‚
645 924 1002 997 naturalem
1025 930 1315 995 nostrum
1340 916 1745 992 beatitudinis
1766 918 2113 1014 appetitum
2144 913 2349 990 omni·

342 1034 468 1106 bus
493 1027 684 1107 rebus
712 1026 1055 1105 mundanis
1078 1050 1211 1104 esse
1241 1029 1657 1125 superiorem.

429 1160 600 1235 OBJ.
643 1163 713 1234 3⁶
741 1162 957 1234 Poenae
983 1162 1174 1233 etiam
1216 1165 1468 1232 aeternae
1506 1179 1641 1228 non
1670 1163 1821 1228 sunt
1847 1153 2222 1228 sufficientia
2241 1151 2349 1223 in·-

340 1268 681 1338 eitamenta
700 1267 782 1340 ad
804 1270 1306 1340 observationem
1327 1263 1484 1358 legis
1510 1266 1797 1348 moralis;
1834 1266 2024 1335 multi
2046 1264 2223 1336 enim
2245 1278 2350 1333 eas

339 1379 799 1460 contemnunt3
835 1398 988 1469 ergo
1019 1375 1190 1446 Deus
1216 1397 1321 1444 eas
1346 1379 1619 1443 statuere
1652 1394 1789 1443 non
1817 1370 2043 1466 potuit.

430 1506 512 1580 R.
548 1511 634 1581 D.
665 1511 817 1580 Ant.
849 1506 1065 1580 Poenae
1093 1504 1283 1580 etiam
1313 1514 1565 1579 aeternae
1597 1529 1734 1577 non
1762 1513 1914 1576 sunt
1937 1502 2349 1575 incitamenta

337 1612 712 1688 sufficientia
743 1619 822 1688 de
851 1641 916 1688 se
934 1671 950 1698 ,
991 1618 1079 1688 N.
1111 1618 1263 1686 Ant.
1300 1614 1394 1684 Ex
1428 1606 1885 1685 inadvertentia
1920 1608 2201 1684 hominis
2234 1632 2346 1683 seu

335 1722 490 1812 quia
529 1726 718 1796 multi
749 1726 981 1798 nolunt
1007 1748 1082 1795 ea
1117 1723 1507 1817 perpendere
1526 1775 1543 1802 ‚
1599 1723 1672 1792 C.
1721 1723 1874 1796 Ant.
1919 1726 1984 1791 et
2005 1718 2110 1795 Ν.
2161 1721 2339 1790 Cous.

336 1827 432 1898 Ut
465 1833 642 1902 enim
678 1833 1084 1904 incitamenta
1128 1852 1277 1901 vere
1324 1837 1387 1900 et
1428 1830 1702 1923 practice
1742 1831 2117 1900 sufficientia
2168 1829 2296 1898 sint
2325 1858 2342 1910 ς

334 1956 594 2035 necesse
626 1957 769 2008 'non
814 1946 907 2009 est
939 1984 957 2019 ‚
1006 1930 1080 2010 ut
1123 1939 1417 2009 homines
1459 1943 1731 2029 cogant,
1783 1936 1893 2006 sed
1944 1937 2175 2006 sufficit
2203 1989 2222 2017 ,
2274 1942 2348 2004 ut

331 2043 661 2127 homines,
693 2047 804 2138 qui
827 2066 902 2117 ea
929 2047 1317 2141 perpendere
1344 2046 1599 2124 volunt,
1632 2046 1702 2113 in
1729 2048 1897 2112 omni
1928 2068 2074 2112 casu
2108 2045 2350 2114 sortiter

335 2150 425 2222 ad
460 2152 761 2223 svirtutem
801 2154 1050 2224 allicere
1093 2158 1156 2222 et
1201 2172 1240 2222 a
1287 2154 1433 2222 vitio
1479 2150 1828 2221 absterrere
1855 2153 2144 2243 possint:
2174 2153 2348 2244 atqui

340 2259 491 2329 talia
518 2265 669 2329 sunt
697 2264 865 2330 certe
895 2260 1160 2351 praemia
1185 2265 1248 2328 et
1278 2259 1586 2350 supplicia
1614 2264 1877 2328 oeterna.

424 2389 584 2466 Inst.
635 2394 700 2462 1⁰
742 2385 1420 2463 Tale‘ineitamontum
1458 2391 1776 2463 sufficiens
1830 2389 1914 2462 ad
1935 2388 2345 2485 “implendam

334 2501 548 2592 legem
595 2507 800 2573 essent
829 2503 1019 2569 etiam
1046 2497 1353 2594 supplicia
1404 2522 1539 2570 non
1570 2503 1807 2570 aeterna
1832 2551 1852 2581 ,
1909 2497 2102 2571 modo
2148 2499 2344 2593 longo

337 2616 619 2701 tempore
647 2608 949 2695 durarent
976 2635 994 2691 ς
1028 2628 1180 2701 ergo
1211 2608 1352 2678 haee
1380 2605 1558 2678 Deus
1586 2611 1823 2677 aeterna
1849 2623 1988 2679 non
2019 2609 2254 2677 statuit.

421 2719 506 2795 R.
539 2725 628 2795 N.
660 2723 812 2794 Ant.
852 2716 1021 2794 Nam
1046 2719 1338 2817 inprimis
1358 2775 1376 2804 ,
1416 2721 1470 2793 si
1498 2719 1819 2817 suppliciis
1855 2719 2108 2797 aeternis
2154 2723 2347 2796 multi

333 2828 672 2916 Christiani
694 2832 937 2925 impelli
981 2851 1115 2902 non
1141 2838 1405 2924 possunt
1425 2884 1443 2912 ,
1478 2837 1552 2901 ut
1578 2832 1661 2901 ad
1690 2855 1766 2903 ea
1793 2833 2088 2904 attentius
2112 2835 2346 2903 reflec-

334 2945 472 3010 tant
495 2992 515 3022 ,
558 2945 872 3032 quantum
917 2955 1307 3009 curaremus
1335 2939 1718 3031 supplicium
1769 2932 2107 3009 finiturum
2132 2991 2152 3021 ,
2200 2946 2347 3012 tum

334 3037 608 3118 maxime
629 3099 648 3128 ‚
696 3069 848 3116 curn
891 3044 1026 3116 vitii
1063 3041 1378 3116 fflecebrae
1431 3051 1729 3116 naturam
1772 3043 1853 3117 de
1898 3063 1965 3116 se
1998 3042 2137 3137 jam
2179 3069 2343 3142 pro-

335 3157 566 3225 clivom
596 3156 678 3224 ad
716 3155 1062 3247 voluptates
1098 3155 1513 3248 vehementer
1544 3153 1948 3225 exstimulant
1983 3160 2146 3238 etc.;
2187 3178 2339 3249 ergo

337 3261 638 3352 supplicia
676 3262 934 3331 finitura
974 3263 1208 3331 nonin
1244 3265 1413 3330 omni
1443 3283 1589 3331 casu
1626 3271 1835 3334 essent
1870 3265 2144 3359 practice
2171 3263 2344 3335 suffi-

335 3368 585 3439 cientia.
628 3363 793 3438 Dein
838 3365 907 3438 id
927 3420 946 3448 ,
994 3369 1168 3462 quod
1203 3370 1383 3463 impii
1430 3387 1628 3463 quam
1673 3375 1950 3444 maxime
1994 3380 2332 3467 exoptant,

335 3481 406 3544 ut
432 3481 606 3546 tanto
632 3476 923 3546 licentius
950 3481 1014 3547 et
1053 3478 1333 3549 securius
1363 3478 1434 3549 in
1469 3478 1717 3571 flagitiis
1753 3482 1972 3551 vivant
1998 3536 2015 3563 ‚
2072 3504 2205 3552 non
2248 3491 2341 3554 est

337 3575 652 3656 suffieiens
681 3588 995 3657 mouvum
1034 3587 1118 3658 ad
1155 3588 1457 3659 virtutem
1498 3589 1832 3659 colendam
1870 3597 1934 3662 et
1971 3593 2197 3661 vitium
2232 3596 2341 3664 vi-
2446 3643 2452 3652 ι

337 3693 602 3763 tandum
633 3718 652 3766 ε
695 3695 870 3786 atqui
911 3695 1124 3787 impii,
1165 3702 1238 3766 ut
1288 3702 1463 3768 tanto
1511 3699 1791 3769 securius
1834 3699 1905 3769 in
1953 3699 2199 3793 flagitiis
2232 3707 2338 3773 vi-

337 3804 489 3872 vant
503 3852 521 3880 ‚
558 3808 848 3895 exoptant
877 3826 1073 3896 quam
1095 3805 1370 3874 maxime
1385 3857 1405 3885 ,
1432 3811 1508 3903 ut
1527 3805 1830 3900 supplicia
1852 3807 1977 3876 sint
1996 3808 2333 3902 aliquando

331 3908 649 4084 gniendzu
691 3932 842 4009 ergo
855 3989 868 3996 ,v
879 3912 1186 4011 supplicia
1225 3913 1484 4009 finitura
1499 4005 1502 4006 7
1519 3936 1670 4006 *nou
1698 3915 2080 4010 sufficienter
2107 3941 2146 3990 a
2173 3919 2332 3990 vitiis

383 4019 747 4091 eterrerent.
