2988 4832
359 593 443 650 ad
469 585 679 675 finem.‘
713 585 912 678 Atqui
938 588 1147 661 media
1169 606 1305 663 non
1334 598 1484 663 sunt
1512 593 1721 664 media
1750 593 1834 663 ad
1861 584 2060 666 finem
2090 608 2201 666 seu
2217 611 2359 666 me-

358 691 446 760 dii
471 695 948 782 rationemxnon
967 699 1207 768 habent
1232 754 1249 782 ‚
1287 702 1408 770 nisi
1437 703 1730 794 disposita
1758 726 1834 772 ac
1863 704 2100 774 directa
2128 705 2253 773 sint
2280 702 2363 773 ad

357 800 503 868 finis
536 805 1086 889 consecutionem3
1118 825 1272 900 ergo
1301 810 1465 878 entis
1498 810 1908 901 intelligentis
1938 815 2032 880 est
2055 813 2365 901 disponere

357 932 432 975 ac
459 910 723 998 dz'riqere
767 916 968 981 media
1011 917 1097 985 ad
1137 919 1286 1006 finis
1332 920 1821 987 consecutionem,
1867 919 2064 1010 Atqui
2103 920 2361 1013 nullum

358 1039 472 1083 ens
503 1025 788 1089 creatum
832 1022 902 1088 in
941 1022 1187 1093 mundo
1237 1029 1465 1095 estant
1510 1047 1648 1093 esse
1678 1031 1924 1117 potest,
1960 1026 2368 1117 quantumvis

357 1127 741 1208 minimum,
785 1128 957 1219 quod
998 1153 1037 1197 a
1065 1129 1200 1199 Deo
1245 1155 1379 1201 non
1430 1133 1509 1200 sit
1560 1139 1848 1201 creatum
1875 1134 1960 1202 ad
1994 1134 2194 1204 finem
2239 1133 2368 1203 ali-
2435 1120 2448 1129 ³

359 1259 552 1326 quem
574 1290 590 1316 ,
641 1258 718 1307 eo
745 1237 882 1328 ipso
905 1291 920 1316 ‚
959 1241 1131 1329 quod
1165 1247 1448 1308 creatum
1484 1246 1563 1308 sit
1589 1263 1628 1307 a
1662 1239 1797 1309 Deo
1825 1246 1971 1308 ente
2000 1241 2367 1333 intelligen-

357 1342 594 1412 tissimo
617 1394 638 1425 ,
672 1345 844 1435 quod
871 1369 1006 1414 non
1033 1340 1234 1439 potest
1263 1371 1398 1416 non
1443 1346 1872 1436 intelligenter
1916 1368 2131 1416 creare
2171 1348 2373 1416 adeo-

359 1470 484 1539 que
527 1450 608 1518 ad
657 1452 857 1519 finem
895 1452 1175 1541 aliquem
1228 1475 1443 1522 creare
1470 1481 1487 1533 3
1545 1475 1698 1542 ergo
1752 1453 2012 1521 nullum
2054 1460 2150 1521 est
2196 1475 2313 1522 ens
2347 1505 2363 1532 ‚

361 1557 533 1646 quod
562 1577 605 1625 a
627 1553 767 1632 Deo
791 1557 1037 1650 disponi
1066 1581 1141 1627 ac
1163 1557 1351 1649 dirigi
1380 1559 1462 1628 ad
1487 1559 1692 1627 finem
1720 1579 1857 1628 non
1885 1560 2130 1640 debeat,
2166 1560 2370 1629 adeo-

361 1687 488 1755 que
514 1686 652 1734 non
692 1665 899 1756 reipsa
925 1666 1010 1735 ad
1041 1667 1242 1735 finem
1271 1667 1646 1757 disponatur
1672 1687 1751 1735 ae
1795 1667 2148 1758 dirigatur:
2201 1669 2376 1758 atqui

361 1771 757 1862 providentia
785 1777 878 1841 est
905 1771 1219 1864 dispositio
1251 1779 1314 1841 et
1339 1773 1597 1842 directio
1626 1773 1989 1844 mediorum
2019 1775 2103 1843 ad
2122 1775 2325 1844 finem
2351 1803 2369 1858 ;

364 1901 519 1971 ergo
549 1877 725 1948 Deus
753 1885 848 1950 est
876 1901 1130 1950 summe
1155 1878 1482 1972 providus,

449 2009 521 2075 2⁰
564 2007 632 2077 Si
656 2007 829 2077 Deus
859 2011 1160 2078 omnibus
1203 2008 1396 2077 rebus
1442 2011 1668 2078 creatis
1720 2032 1855 2078 non
1890 2010 2182 2102 providet
2205 2030 2226 2090 ,’
2273 2010 2378 2079 vel

367 2121 498 2195 est,
532 2119 681 2205 quia
724 2118 913 2183 nescit
935 2169 952 2195 ‚
989 2116 1097 2186 vel
1139 2118 1286 2206 quia
1320 2140 1445 2184 non
1470 2127 1700 2207 potest,
1734 2119 1840 2186 vel
1862 2120 2008 2208 quia
2038 2118 2328 2193 nonnul!
2353 2142 2376 2184 .-
2405 2142 2408 2145 ·

367 2224 544 2313 atqui
561 2275 577 2302 ‚
595 2219 737 2291 'non
755 2276 774 2305 ‚
803 2226 952 2315 quia
970 2226 1160 2291 nese-ic
1178 2248 1202 2291 .-
1232 2230 1327 2293 est
1350 2225 1528 2293 enim
1559 2223 1904 2293 omniscius
1937 2227 2000 2292 et
2042 2223 2374 2315 sapientis-

369 2330 571 2402 simus
594 2361 613 2414 ;
651 2356 776 2399 non
795 2383 817 2413 ,
850 2333 1000 2423 quia
1021 2355 1147 2399 non
1165 2342 1358 2422 potest
1386 2357 1405 2402 z
1435 2336 1528 2400 est
1553 2332 1729 2400 enim
1759 2331 2159 2425 omnipotens
2181 2360 2198 2414 ς
2226 2354 2371 2411 non,

370 2443 518 2531 quia
548 2465 674 2509 non
697 2444 866 2509 vult.-
897 2463 1053 2510 nam
1079 2442 1133 2510 si
1160 2440 1292 2531 qua
1335 2442 1415 2509 de
1443 2442 1633 2510 causa
1659 2440 1727 2510 id
1778 2441 2020 2537 nollet,
2048 2442 2324 2510 maxime
2354 2494 2370 2519 ,

264 2571 267 2572 ⁷
367 2555 443 2618 ut
469 2540 690 2629 aiunt,
731 2550 881 2641 quia
922 2571 1077 2620 eum
1119 2548 1491 2619 dedeceret:
1538 2551 1714 2641 atqui
1742 2543 1955 2618 Deum
1989 2570 2122 2616 non
2175 2547 2379 2637 magis

369 2656 630 2725 dedecet
671 2658 967 2749 operibus
1013 2658 1143 2726 suis
1191 2658 1523 2750 providere
1549 2708 1566 2737 ‚
1609 2678 1807 2750 quam
1840 2679 1917 2726 ea
1947 2677 2161 2725 creare
2188 2707 2207 2736 ,
2245 2656 2377 2722 imo

369 2770 591 2833 contra
618 2766 946 2835 dedeceret
972 2764 1187 2836 Deum
1215 2766 1408 2835 rebus
1433 2789 1473 2834 a
1499 2787 1566 2833 se
1596 2769 1818 2835 creatis
1850 2786 1984 2834 non
2014 2764 2375 2855 providere.

368 2870 459 2939 Ut
484 2874 661 2941 enim
701 2873 789 2942 ait
831 2872 901 2942 S.
951 2872 1331 2942 Ambrosius
1360 2870 1436 2962 (1
1466 2870 1552 2961 ).·
1584 2874 1737 2951 Quis
1787 2882 2068 2958 operator
2111 2872 2386 2959 neqliqat

370 2982 566 3065 operis
595 2982 694 3045 sui
739 3002 990 3046 curam.
973 2983 1006 3029 ‘7
1035 2981 1191 3061 Quis
1244 2980 1476 3047 deserat
1522 2988 1635 3045 aut
1676 2979 2006 3056 destituat,
2057 2978 2218 3064 quod
2260 2979 2387 3064 ipse

370 3087 743 3156 condendum
759 3090 1008 3177 putavit
1025 3092 1060 3155 ἲ
1088 3089 1167 3157 Si
1195 3089 1439 3176 injuria
1467 3098 1555 3153 est
1580 3107 1705 3153 non
1731 3108 1936 3173 reqere
1954 3136 1976 3165 ,
2010 3107 2210 3151 nonne
2237 3108 2386 3153 ma·-
2440 3128 2445 3134 ·

361 3197 473 3283 jor
501 3208 587 3261 est
612 3199 858 3284 injuria
883 3198 1085 3283 fecisse
1133 3209 1189 3262 et
1237 3219 1362 3262 non
1387 3196 1649 3262 curare?
1670 3192 1844 3284 Ergo
1870 3215 2023 3261 cum
2080 3190 2254 3261 Deus
2283 3212 2387 3263 res

373 3304 685 3393 quaslibet
729 3307 1010 3384 creavit,
1044 3311 1106 3375 et
1146 3304 1457 3395 quidem,
1491 3306 1685 3395 prout
1712 3323 1819 3371 eas
1870 3301 2109 3374 habere
2138 3304 2390 3397 voluit,

348 3415 628 3491 creavit,
660 3435 912 3481 necesse
946 3419 1057 3494 est,
1094 3420 1169 3481 ut
1195 3413 1319 3481 illis
1345 3413 1535 3480 etiam
1561 3409 1911 3503 provideat.

461 3529 864 3620 Argumenta
890 3530 1012 3597 alia
1040 3529 1288 3598 desumi
1318 3533 1582 3620 possunt
1618 3549 1697 3595 ex
1726 3524 1949 3595 ordine
1991 3526 2223 3599 mundi
2248 3534 2392 3604 tum

373 3638 636 3732 physico
663 3645 804 3706 tum
831 3637 1061 3706 morali
1081 3687 1102 3717 ‚
1137 3659 1214 3706 ex
1243 3659 1558 3706 consensu
1586 3634 1973 3730 populorum
2000 3641 2124 3709 etc.
2156 3635 2273 3732 (2).

445 3844 511 3907 (1)
543 3844 618 3897 De
641 3844 780 3896 offic.
803 3827 1016 3897 ministr.
1040 3844 1150 3894 Lib.
1183 3848 1231 3896 1.
1257 3845 1378 3908 cap.
1396 3847 1476 3896 13.
1503 3845 1572 3895 N·
1594 3846 1676 3898 em

445 3915 515 3983 (2)
545 3916 671 3970 vide
697 3916 868 3975 meod.
892 3919 1018 3971 sect.
1042 3918 1083 3969 1.
1107 3917 1226 3984 cap.
1245 3920 1276 3967 2
1298 3922 1348 3970 et
1381 3920 1427 3969 s.
1449 3916 1570 3983 Pas·
1586 3919 1679 3985 209
1699 3915 2390 3987 etseqq.et1²a‹,r.277etseq.

2317 3469 2322 3476 κ
