2988 4832
748 634 751 639 .
782 568 851 659 a)
883 567 1257 664 Multiplices
1296 589 1398 639 res
1424 567 1653 639 mundi
1685 569 1815 638 sive
1850 566 1922 643 in
1951 568 2179 638 natura
2209 567 2340 637 sive
2375 566 2452 637 in
2485 569 2705 659 spiritu

698 673 817 747 sibi
837 677 1227 756 succedunt;
1278 698 1433 764 ergo
1466 676 1519 743 si
1544 674 1708 742 nihil
1736 674 1865 743 sint
1883 724 1904 753 ,
1946 675 2067 742 nisi
2105 675 2438 765 positiones
2472 674 2703 746 divium

701 782 1007 862 essentiae:
1060 783 1275 855 divina
1303 779 1571 850 essentia
1597 781 1804 848 varias
1834 780 2177 849 successive
2215 782 2549 871 positiones
2576 776 2705 850 ha·-

701 888 880 957 beret
895 894 957 957 et
978 891 1434 979 consequenter
1458 886 1708 963 interne
1731 887 1802 954 in
1825 891 2283 954 semutaretur:
2304 888 2475 977 atqui
2495 910 2702 959 essen-

700 997 785 1062 tia
811 994 1023 1063 divina
1043 1034 1069 1073 ,-
1094 999 1308 1087 utpote
1338 992 1634 1083 infinita,
1669 999 1763 1063 est
1799 992 2083 1065 absolute
2103 993 2534 1070 ,immutabilis
2564 996 2645 1088 (1)
2671 1022 2698 1078 ς

702 1124 855 1192 ergo
862 1151 995 1171 .....

698 1246 699 1249 '
790 1259 844 1349 b)
871 1257 1056 1329 Sires
1073 1258 1452 1351 multiplices
1469 1259 1666 1351 huJus
1687 1255 1916 1328 mundi
1930 1279 2064 1328 non
2092 1263 2241 1327 sunt
2259 1309 2277 1337 ,
2305 1258 2427 1327 nisi
2444 1261 2702 1331 totidem

697 1368 1030 1459 positiones
1050 1367 1279 1436 divinae
1306 1369 1587 1436 essentiae
1607 1419 1625 1447 ,
1661 1367 1843 1436 nulla
1878 1368 1996 1436 erit
2022 1355 2209 1435 realis
2235 1367 2400 1435 inter
2431 1388 2533 1435 res
2558 1390 2705 1436 om-

699 1488 816 1543 nes
842 1475 1034 1565 hujus
1056 1471 1285 1542 mundi
1313 1472 1624 1542 distinctio
1657 1498 1675 1541 ε
1708 1474 1883 1563 atqui
1900 1473 2025 1542 hoc
2046 1496 2240 1541 omne
2257 1475 2363 1563 jus
2384 1526 2401 1552 ‚
2437 1497 2700 1544 omnem

699 1583 1119 1652 moralitatem
1145 1633 1162 1661 ,
1213 1599 1605 1671 omnemque
1654 1602 1914 1648 sensum
1943 1584 2361 1657 communem
2397 1581 2701 1651 subvertit

699 1687 865 1755 etad
886 1687 1247 1755 absolutum
1276 1688 1745 1779 scepticismum
1763 1687 1961 1759 ducit.
2026 1685 2132 1756 Sic
2158 1688 2335 1756 enim
2368 1710 2488 1778 ego
2520 1687 2701 1757 deci-

698 1815 881 1885 perer
905 1845 923 1871 ‚
959 1795 1116 1863 dum
1149 1795 1508 1863 firmissime
1526 1794 1851 1862 convictus
1881 1816 2025 1862 sum
2047 1844 2064 1871 ,
2103 1795 2361 1863 existere
2389 1796 2544 1864 alios
2568 1796 2699 1866 ho-

694 1901 901 1976 mines
914 1953 931 1980 ,
964 1926 1071 1971 me
1094 1904 1301 1972 varios
1321 1923 1472 1971 cum
1492 1902 1642 1993 ipsis
1665 1906 2021 1970 contractus
2042 1901 2205 1969 inire
2231 1952 2251 1980 ‚
2287 1901 2697 1994 obligationes

611 2098 618 2104 ι
699 2011 1239 2101 variassuscipere
1262 2061 1281 2089 ,
1344 2031 1453 2078 me
1488 2014 1737 2100 patrem
1763 2008 1999 2076 habere
2028 2012 2090 2076 et
2110 2013 2380 2077 matrem
2400 2060 2419 2089 ‚
2468 2011 2698 2101 quibus

695 2117 1007 2207 honorem
1042 2118 1288 2199 deferre
1323 2116 1591 2185 debeam
1615 2165 1634 2197 ,
1692 2116 1934 2206 aliquas
1972 2116 2248 2185 actiones
2289 2119 2694 2189 essentialiter

695 2249 810 2292 esse
827 2226 1026 2294 bonas
1044 2277 1062 2303 ‚
1099 2225 1251 2292 alias
1272 2223 1680 2294 essentialiter
1705 2223 1928 2292 malas.
1961 2221 2194 2291 Omnia
2215 2223 2390 2306 enim
2409 2226 2528 2294 ista
2550 2248 2685 2301 non

693 2336 899 2401 essent
942 2331 1182 2421 aliquid
1232 2331 1483 2399 realiter
1534 2331 1897 2398 distinctum
1924 2379 1940 2407 ,
1993 2328 2103 2397 sed
2146 2351 2355 2397 unum
2398 2330 2693 2424 idemque

680 2455 824 2509 'esse
846 2439 964 2507 sub
982 2440 1168 2507 variis
1196 2440 1323 2507 suis
1351 2438 1760 2530 positionibus
1783 2488 1800 2516 ,
1841 2443 1904 2505 et
1932 2429 2273 2529 conceptus
2311 2440 2441 2507 mei
2478 2445 2543 2509 et
2573 2463 2693 2532 ego

686 2539 822 2637 'ipse
843 2567 1118 2613 essemus
1140 2568 1336 2613 merae
1361 2544 1740 2636 apparentiae
1763 2548 1827 2611 et
1848 2544 2118 2612 somnia.
2156 2542 2405 2614 Verum
2436 2566 2570 2614 non
2588 2547 2695 2615 fir-

692 2656 961 2725 miorem
993 2655 1457 2722 convictionem
1503 2651 1707 2720 habeo
1749 2651 1829 2720 de
1880 2652 2014 2742 ipsa
2050 2651 2327 2723 realitate
2370 2652 2639 2724 absoluti
2668 2707 2690 2736 ,

693 2760 1002 2849 quamde
1035 2760 1323 2828 distincta
1362 2760 1641 2828 realitate
1687 2755 1981 2862 omnium
2025 2760 2262 2828 horum
2287 2811 2305 2839 ,
2346 2784 2491 2852 quae
2514 2751 2704 2854 juxta*

688 2866 1160 2957 pantheismum
1180 2887 1312 2933 non
1336 2871 1580 2944 essent,
1608 2867 1730 2934 nisi
1750 2868 2128 2957 apparentia:
2156 2894 2173 2948 ;
2207 2889 2363 2959 ergo
2392 2919 2408 2947 ,
2456 2870 2509 2937 si
2533 2892 2694 2939 con-

690 2992 957 3061 sequens
983 2995 1115 3041 esse
1145 2972 1339 3041 velim
1358 3023 1379 3054 ,
1418 2995 1601 3064 aequo
1633 2975 1777 3064 jure
1817 2975 2178 3043 absolutum
2204 2975 2417 3065 ipsum
2453 2997 2690 3069 negare

687 3078 791 3146 vel
813 3085 884 3145 ut
898 3080 1330 3169 apparentiam
1350 3081 1669 3149 declarare
1692 3082 2021 3172 oportebit.
2051 3080 2223 3170 Ergo
2245 3082 2691 3170 pantheismus

689 3185 1142 3275 consequenter
1199 3188 1488 3256 evolutus
1546 3187 1849 3257 subvertit
1897 3210 2089 3255 omne
2132 3189 2238 3277 jus
2291 3210 2688 3282 omnemque

690 3294 1109 3362 moralitatem
1133 3299 1195 3361 et
1217 3294 1387 3364 ducit
1415 3296 1498 3363 ad
1525 3295 1887 3366 absolutum
1915 3295 2382 3388 scepticismum
2419 3296 2525 3388 (2).

749 3496 818 3561 (1)
851 3498 1010 3552 Ontol.
1038 3500 1173 3551 Part.
1195 3501 1259 3553 11.
1280 3502 1409 3554 Sect.
1447 3503 1498 3554 2.
1518 3501 1637 3565 Gap.
1660 3505 1708 3554 8.
1744 3501 1864 3565 Pag.
1887 3504 2000 3555 25⁰.

749 3576 817 3640 (2)
848 3578 984 3628 Nihil
1017 3580 1170 3642 igitur
1202 3582 1416 3645 mirum,
1444 3596 1646 3644 omnes,
1672 3585 1783 3631 utut
1803 3582 2034 3633 doctrinae
2056 3580 2393 3636 Pantheisticae
2415 3584 2690 3647 adhaerent,

682 3645 1079 3701 Pantheistarum
1096 3655 1263 3701 tamen
1289 3666 1488 3715 nomen,
1517 3656 1574 3701 ut
1615 3653 1721 3701 viro
1744 3654 1945 3702 honesto
1965 3653 2280 3718 injuriosum,
2300 3670 2332 3706 a
2370 3669 2422 3705 sc
2450 3656 2689 3717 repellere

684 3723 737 3769 et
753 3721 1071 3770 vehementer
1090 3723 1363 3784 repudiare.
1404 3722 1561 3783 Hegel
1580 3726 1709 3772 certe
1732 3736 1747 3770 z
1769 3723 2150 3788 Encyclopaedie
2160 3726 2254 3775 det·
2271 3725 2690 3790 philosophischen

687 3790 1111 3855 Wisscnschaflen.
1130 3793 1565 3856 Heidelberg,1830
1587 3827 1606 3855 ,
1637 3793 1857 3857 pluribus
1888 3796 2007 3852 locis
2047 3796 2328 3858 pantheistis
2349 3810 2399 3846 sc
2438 3810 2691 3852 annume-

682 3861 786 3915 rari
831 3864 1024 3923 recusat
1065 3877 1084 3933 3
1127 3863 1377 3934 Sthenius
1415 3876 1533 3921 vcro
1574 3863 1630 3919 in
1666 3878 1684 3919 ε
1724 3865 1976 3932 Juqement
2009 3866 2080 3922 dc·
2110 3868 2183 3926 M.
2224 3867 2469 3934 &hellcnq
2502 3882 2593 3919 sw-
2613 3866 2684 3933 ,ια
