2988 4832
1284 462 1415 534 225

358 587 480 650 tem
502 630 521 659 ,
564 577 610 649 i.
662 586 731 653 ei
779 582 947 653 circa
993 584 1276 655 animam
1324 576 1703 653 rationalem
1731 579 2201 654 consideramus
2222 631 2239 661 .
2296 586 2359 656 et

353 688 505 759 hinc
538 688 609 758 in
632 691 768 782 ejus
788 692 1195 783 appetitiones
1219 743 1237 772 ,
1285 691 1413 784 qua
1448 692 1768 763 humanas
1789 694 1931 780 [seu
1969 692 2300 761 rationales
2334 744 2353 773 ,

248 824 250 829 >
354 814 494 886 quae
512 798 767 891 proprio
789 800 1051 869 nomine
1071 801 1384 869 volitiones
1403 804 1716 868 vocantur
1740 849 1757 877 ,
1789 797 2122 891 ‚proecipue
2145 799 2359 888 inqui-

354 901 627 972 rendum
656 904 839 975 nobis
865 911 981 977 est.
1037 905 1178 990 Qua
1215 907 1286 977 in
1337 907 1526 978 reita
1555 906 2012 998 procedemus,
2070 912 2144 977 ut
2188 907 2254 976 1·
2293 909 2360 974 iu

349 1011 739 1102 principium
779 1013 1160 1084 volitionum
1205 1014 1643 1111 humanarum
1659 1063 1682 1092 ,
1729 1020 1793 1082 et
1834 1013 1902 1081 2⁰
1941 1014 2012 1081 in
2057 1013 2256 1084 finem
2300 1020 2361 1082 et

349 1117 829 1190 destinationem
854 1120 1136 1191 hominis
1163 1142 1242 1191 ex
1263 1120 1674 1193 volitionibus
1694 1122 1840 1216 ,ejus
1861 1121 2212 1193 eruendam
2233 1120 2361 1192 dis-
2397 1154 2402 1159 ·

350 1227 557 1299 tinctis
577 1227 858 1300 articulis
882 1229 1305 1321 inquiramus·
1767 1227 1776 1237 '

1001 1406 1392 1469 ARTICULUS
1426 1408 1706 1469 PRIMUS.

727 1550 819 1618 De
837 1552 1152 1640 principio
1182 1553 1541 1618 colitianam
1565 1553 1999 1623 humanarum.

439 1731 548 1801 99.
590 1731 987 1820 Principium
1015 1731 1085 1799 in
1113 1730 1355 1799 actibus
1383 1730 1690 1798 humanis
1721 1729 1954 1821 duplex
1984 1729 2308 1799 invenitur
2339 1780 2357 1807 ,

347 1839 739 1927 subjectivum
769 1839 1004 1907 scilicet
1031 1845 1095 1907 et
1118 1839 1470 1932 objectivum
1493 1863 1518 1916 ‚-
1550 1837 1725 1906 unde
1745 1887 1766 1917 ,
1812 1843 1886 1905 ut
1916 1839 2091 1926 oriqo
2113 1837 2364 1906 volitio-

350 1967 515 2013 num
559 1945 998 2015 humanarum
1021 1998 1040 2025 ,
1097 1952 1411 2036 quantum
1459 1945 1751 2014 brevitati
1796 1944 2188 2015 consulendo
2229 1946 2367 2014 fieri

347 2058 579 2144 potest,
607 2053 946 2134 elucescat,
983 2059 1329 2143 utrumque
1352 2075 1576 2121 carum
1609 2053 1996 2144 principium
2030 2058 2121 2119 est
2170 2075 2365 2143 expo-

349 2160 664 2230 nendum.
690 2159 801 2229 Est
830 2167 1045 2229 autem
1060 2162 1441 2252 preacipium
1469 2160 1857 2248 subjectivum
1886 2159 2097 2226 omnis
2124 2160 2367 2226 volitio-

349 2267 452 2334 nis
487 2267 700 2334 volitio
737 2268 878 2332 boni
914 2268 1273 2356 simpliciter
1295 2271 1358 2333 et
1383 2271 1842 2355 consequenter
1854 2264 2236 2353 principium
2258 2265 2365 2330 ob-

346 2378 630 2465 iectivum
645 2380 738 2445 est
759 2376 969 2467 ipsum
991 2374 1116 2444 hoc
1137 2376 1355 2442 bonum
1374 2373 1734 2462 simpliciter
1754 2393 1866 2439 scu
1890 2369 2062 2440 Deus
2085 2369 2202 2438 sub
2225 2370 2366 2441 idea

348 2486 506 2555 boni
527 2484 895 2575 simpliciter
913 2483 1215 2576 implicite
1237 2490 1570 2576 perceptus
1592 2506 1608 2550 ε
1631 2478 1697 2549 id
1726 2480 1899 2571 quod
1923 2479 2181 2548 totidem
2203 2503 2366 2571 pro-

348 2593 762 2687 positionibus
797 2591 1231 2685 prohabimus·

439 2752 590 2821 100.
614 2749 862 2821 PROP.
887 2743 1767 2819 1.'Pmsc11›1uusnnmcuvuu
1810 2768 1992 2818 onnus
2028 2765 2367 2816 vounoms

298 2951 304 2956 A
350 2883 456 2931 κει·
482 2882 727 2930 vouno
767 2881 910 2930 nom
949 2879 1346 2929 smruclrnn.

443 3024 636 3092 Proh.
679 3021 847 3090 Illud
872 3027 964 3089 est
986 3020 1374 3112 principium
1397 3017 1817 3108 subjectivum
1858 3017 2071 3083 omnis
2107 3015 2366 3084 volitio-

350 3152 474 3212 ms,
501 3154 628 3222 quo
659 3154 847 3200 mens
867 3129 1191 3222 expeditur
1212 3134 1275 3197 et
1298 3132 1443 3197 actu
1466 3147 1662 3217 capax
1689 3126 1759 3192 fit
1782 3123 1861 3192 ad
1887 3122 2214 3214 ponendas
2244 3145 2363 3191 vo-

354 3242 602 3311 litiones
654 3268 686 3309 ι·
719 3242 892 3331 atqui
927 3241 1062 3308 sine
1101 3237 1401 3307 volitione
1451 3236 1592 3301 boni
1620 3234 1979 3323 simpliciter
2008 3252 2193 3299 mens
2235 3251 2368 3298 non

357 3354 564 3441 posset
580 3348 745 3417 velle
769 3349 1118 3439 quidquam
1143 3343 1314 3414 aliud
1338 3343 1444 3435 (1),
1486 3348 1550 3411 et
1570 3363 1685 3433 per
1705 3362 1851 3410 eam
1879 3341 2090 3409 solum
2112 3335 2368 3427 expedi-

417 3594 485 3661 (t)
516 3594 572 3644 Id
592 3592 725 3658 qnod
746 3592 848 3643 sere
871 3599 970 3655 per·
989 3603 1041 3642 se
1051 3590 1159 3653 jam
1176 3589 1429 3652 illucescit,
1449 3592 1501 3639 et
1524 3603 1587 3639 ex
1608 3586 1816 3650 analoga
1844 3582 2138 3647 appetitione
2162 3581 2369 3633 animali

355 3666 562 3729 intelligi
599 3666 753 3715 etiam
791 3664 969 3714 clarius
991 3667 1166 3727 potest.
1203 3662 1400 3714 Etenim
1430 3660 1776 3723 intelligimus,
1814 3669 1903 3707 nos
1938 3670 1988 3705 ν.
2016 3670 2070 3719 g.
2092 3668 2261 3705 carnes
2289 3656 2371 3705 vel

355 3751 534 3799 panem
553 3750 656 3786 non
677 3750 818 3799 posse
841 3739 1088 3799 appetere,
1111 3734 1207 3785 nisi
1234 3732 1510 3799 generatim
1532 3727 1805 3793 appetitum
1834 3726 2102 3779 habeamus
2125 3725 2366 3777 alimenti.

356 3810 781 3869 Quemadmodum
809 3809 973 3873 itaque
995 3808 1244 3858 famelicus
1261 3805 1436 3869 aliquis
1452 3801 1739 3866 simpliciter
1756 3799 1812 3850 in
1832 3799 1998 3850 cibum
2019 3797 2193 3861 tendit,
2215 3801 2266 3847 et
2283 3811 2365 3846 so-

355 3882 457 3934 lum
468 3897 557 3950 per
568 3883 698 3934 hanc
717 3887 857 3937 suam
877 3878 1182 3936 tendentiam
1195 3880 1248 3931 in
1269 3879 1434 3933 cibum
1457 3872 1730 3943 generatim
1748 3872 2004 3946 expeditur
2024 3874 2075 3923 et
2086 3873 2194 3922 actu
2209 3879 2363 3934 capax
