2988 4832
1343 514 1473 583 273

399 634 699 724 riguntur
720 635 799 705 ad
823 638 1021 709 finem
1045 693 1062 720 ‚
1092 633 1290 732 quam
1328 647 1585 733 propter
1627 642 1828 715 finem
1876 652 2070 738 agant
2094 697 2115 728 ,
2156 672 2307 720 cum
2335 667 2412 724 ex
2477 659 2483 664 ’

398 740 630 809 naturd
653 743 771 812 suin
799 745 1218 820 indifferentia
1237 748 1363 818 sint
1384 750 1467 819 ad
1489 749 1785 821 ordinem
1809 752 2091 846 adeoque
2116 756 2198 826 ad
2212 760 2409 830 finem

394 870 848 943 quemcunque
878 908 895 935 ,
931 857 1024 924 uti
1052 879 1117 926 v.
1149 877 1236 947 g.
1270 862 1481 939 astra;
1518 879 1674 951 ergo
1718 882 1975 931 neeesse
2015 869 2108 932 est
2130 914 2149 942 ‚
2200 870 2272 934 ut
2329 865 2411 933 ab

393 952 611 1046 aliquo
655 964 801 1029 ente
860 962 1253 1055 intelligente
1298 965 1380 1034 ad
1425 966 1626 1037 finem
1678 967 2075 1059 dirigantur;
2129 970 2410 1064 adeoque

393 1063 752 1163 existit-ens
789 1070 1153 1163 intelligens
1177 1123 1195 1151 ,
1247 1072 1419 1162 quod
1440 1074 1518 1142 sit
1549 1074 1706 1144 ratio
1731 1075 2051 1146 sufficiens
2077 1076 2272 1170 hujus
2300 1101 2409 1150 or·

398 1170 565 1242 dinis
597 1173 681 1266 (1)
719 1201 736 1245 ε
771 1178 947 1268 atqui

479 1311 670 1380 Ratio
687 1317 861 1404 plene
888 1318 1193 1406 sufficiens
1222 1342 1339 1387 esse
1361 1322 1566 1409 nequit
1593 1371 1610 1399 ‚
1656 1323 1785 1389 nisi
1824 1322 1909 1389 sit
1943 1346 2046 1391 ens
2066 1324 2405 1416 infinitum.

388 1416 561 1489 Nam
588 1420 888 1492 ordinans
913 1446 1016 1492 res
1054 1426 1414 1497 mundanas
1437 1429 1519 1495 ad
1546 1428 1747 1498 finem
1790 1450 1925 1498 non
1948 1436 2151 1522 potest
2183 1456 2318 1505 esse
2340 1436 2407 1505 in

392 1525 654 1608 ordine,
690 1523 870 1599 secus
890 1538 1051 1601 essct
1083 1539 1146 1602 et
1174 1536 1305 1625 ipse
1336 1534 1664 1604 ordinatus
1693 1536 1974 1628 adeoque
2004 1562 2138 1608 non
2164 1544 2411 1633 primus

391 1635 694 1704 ordinans
743 1664 760 1706 z
812 1640 922 1709 sed
942 1642 1218 1732 quinon
1257 1650 1350 1713 est
1394 1645 1466 1712 in
1506 1645 1726 1714 ordine
1755 1645 2195 1716 ordinatorum
2214 1699 2233 1727 ‚
2275 1672 2406 1719 non

391 1741 623 1831 pendet
644 1745 728 1813 ab
755 1747 891 1815 ulla
914 1750 1102 1818 causa
1146 1751 1437 1821 efficienti
1477 1774 1599 1821 nee
1645 1752 1728 1820 ab
1774 1752 1909 1821 ulla
1946 1756 2136 1823 causa
2175 1757 2354 1826 finali
2384 1809 2400 1833 ‚

390 1871 570 1920 secus
588 1859 745 1922 esset
768 1845 1093 1929 ordinatus
1117 1889 1134 1941 ;
1164 1882 1317 1952 ergo
1335 1867 1429 1931 est
1449 1883 1709 1953 prorsus
1729 1861 2164 1953 independens
2193 1891 2210 1933 ε
2233 1871 2408 1954 atqui

389 1963 442 2031 si
476 1965 590 2030 est?
612 1983 869 2053 prorsus
904 1966 1340 2060 independens
1361 2021 1378 2048 ‚
1411 1969 1517 2038 'est
1555 1969 2043 2060 perfectissimus
2071 1997 2088 2050 ς
2123 1993 2303 2040 secus
2336 1971 2405 2042 in

387 2072 502 2140 sua
530 2071 1049 2143 determinatione
1078 2077 1373 2167 negativa
1392 2076 1497 2143 vel
1527 2074 1608 2143 ab
1636 2075 1761 2144 alio
1782 2075 2090 2166 penderet
2116 2076 2406 2168 adeoque

387 2200 522 2246 non
560 2184 718 2248 esset
758 2202 1015 2272 prorsus
1067 2182 1545 2274 independens;
1595 2182 1701 2250 vel
1741 2181 2274 2253 determinaretur
2324 2184 2407 2255 ad

384 2286 565 2357 illam
588 2286 654 2357 vi
680 2289 962 2356 essentiae
982 2309 1113 2358 suae
1137 2340 1154 2368 ‚
1191 2288 1364 2379 quod
1409 2312 1485 2357 ex
1509 2288 1665 2378 Cap.
1706 2290 1914 2379 primo
1944 2289 2138 2378 hujus
2162 2288 2405 2360 Sectio-

446 2501 724 2568 (1)‚Ret'erri
739 2501 823 2553 hic
842 2506 1063 2553 meretur
1076 2533 1099 2567 ,
1134 2503 1267 2566 quod
1302 2507 1471 2554 narrat
1489 2502 1554 2555 D.
1580 2503 1737 2553 Flotte
1760 2502 1956 2568 (Lepons
1976 2502 2041 2554 de
2056 2502 2400 2572 philosophie).

382 2574 511 2623 Cum
523 2577 743 2636 tempore
763 2575 1044 2636 epularum,
1066 2589 1187 2637 quas
1209 2575 1359 2624 simul
1374 2575 1687 2624 celebrabant
1700 2576 1864 2636 plures
1881 2587 1943 2625 ex
1957 2574 2118 2638 impiis
2135 2575 2224 2642 (ita
2243 2576 2401 2644 dictis)

381 2640 685 2707 philosophis
710 2645 1045 2709 ultimi,seeuli
1067 2684 1080 2709 ‚
1105 2648 1265 2696 multa
1287 2646 1341 2695 in
1363 2647 1561 2697 laudem
1593 2649 1644 2696 et
1665 2646 2141 2696 commendationem
2163 2645 2405 2698 Atheismi

379 2720 573 2778 prolata
590 2721 783 2779 essent,
803 2714 1008 2768 demum
1027 2718 1232 2768 Diderot
1251 2719 1504 2780 proposuit
1522 2753 1537 2778 ‚
1556 2721 1615 2767 ut
1632 2719 1782 2767 etiam
1803 2719 1908 2767 Deo
1928 2732 2046 2768 suus
2064 2718 2267 2769 daretur
2286 2732 2401 2770 cau-

378 2788 558 2838 sidicus
580 2792 629 2838 et
646 2792 879 2850 patronus
900 2824 917 2851 ‚
950 2792 1001 2838 et
1019 2790 1201 2839 electus
1223 2793 1296 2839 est
1311 2789 1374 2840 D.
1400 2789 1597 2854 (rabbo)
1621 2788 1834 2843 Galiani.
1873 2789 1970 2848 Qui
1989 2792 2203 2853 graviter
2224 2790 2403 2841 resedit

378 2864 430 2909 et
450 2860 521 2910 ita
539 2873 740 2911 exorsus
760 2863 867 2910 est:
1652 2906 1655 2907 γ

446 2941 519 2990 Un
528 2941 675 3005 jour,
696 2941 730 2990 ὰ
745 2941 952 3004 Naples‚
975 2954 1041 2989 un
1058 2940 1249 2989 homme
1260 2940 1390 3003 prii,
1407 2937 1587 2989 devant
1610 2953 1753 2999 nous,
1775 2938 1860 2988 six
1881 2938 1972 2989 de's
1989 2940 2119 2990 dans
2152 2955 2218 2991 tm
2237 2948 2404 2995 comet

376 3015 427 3062 ei
442 3012 591 3078 paria
608 3011 859 3061 d’amener
878 3010 1009 3074 rafle
1038 3011 1102 3060 de
1121 3011 1221 3060 siat.
1249 3011 1297 3059 Il
1324 3011 1532 3059 l'amena
1553 3009 1622 3059 du
1646 3009 1869 3074 premier
1889 3025 2027 3075 coup.
2056 3013 2115 3061 Je
2141 3013 2224 3060 dis
2247 3017 2402 3064 :cette

376 3083 551 3134 chance
570 3082 691 3132 etate
708 3081 939 3146 possible.
972 3081 1019 3130 ll
1037 3081 1245 3131 l'amena
1269 3095 1363 3130 une
1382 3080 1585 3130 seconde
1598 3081 1723 3143 fois:
1742 3079 1803 3143 je
1821 3079 1906 3129 dis
1933 3081 1984 3130 la
2006 3083 2162 3131 meme
2179 3083 2334 3135 chose.
2358 3085 2402 3132 ΙΙ

377 3152 530 3203 remit
549 3153 620 3201 les
637 3151 728 3202 de‘s
745 3152 873 3202 dans
894 3153 941 3201 le
966 3153 1145 3216 cornel,
1170 3151 1315 3214 trois,
1349 3154 1540 3218 quatre,
1569 3151 1685 3217 cinq
1706 3151 1830 3215 fois,
1853 3153 1901 3201 et
1919 3153 2142 3215 toijours
2162 3154 2318 3216 raffle
2338 3153 2402 3204 de

377 3225 482 3276 six.
515 3224 712 3276 Sanoua
732 3238 786 3274 m
807 3224 946 3275 Baco
967 3223 981 3272 t
1006 3223 1306 3288 m'e‘criai-je
1322 3259 1337 3286 ,
1365 3236 1448 3273 ms
1470 3218 1562 3272 nris
1587 3235 1710 3273 som-
1735 3226 1902 3284 mrim
1936 3226 1985 3272 et
2004 3222 2072 3273 ils
2104 3224 2333 3275 l'e'laient.

387 3304 388 3307 ’
415 3303 419 3306 ⁴
438 3305 771 3372 Philo-sapha,
794 3304 960 3372 quand
973 3305 1031 3370 je
1049 3303 1303 3354 considere
1316 3302 1505 3354 l'ordre
1524 3303 1749 3368 toujours
1768 3303 2046 3355 rmaissant
2065 3303 2128 3353 de
2143 3303 2191 3353 la
2204 3308 2396 3362 nature.

376 3395 457 3431 ses
479 3380 575 3430 lois
592 3376 897 3441 immuables,
917 3391 996 3427 ses
1010 3375 1309 3426 revolutione
1328 3375 1555 3439 ioujours
1572 3376 1844 3425 constantes
1861 3373 1988 3424 dans
2008 3389 2101 3425 une
2121 3374 2291 3436 infinie
2309 3391 2398 3427 va·

378 3454 522 3511 ridle,
538 3453 656 3502 cette
666 3449 838 3500 chance
850 3449 1026 3512 unique
1041 3449 1089 3498 et
1106 3447 1458 3498 conservatrice
1470 3447 1594 3497 d’un
1606 3445 1783 3496 monde
1794 3445 1864 3496 tel
1879 3461 1972 3512 que
1987 3461 2110 3496 nous
2133 3448 2178 3496 le
2198 3461 2394 3512 voyans,
2490 3460 2493 3465 ·

379 3524 468 3589 qui
489 3523 674 3574 revient
691 3534 809 3571 sans
829 3533 960 3570 cesse
972 3556 986 3583 ‚
1022 3518 1220 3584 molyri
1233 3521 1340 3569 cent
1358 3522 1526 3568 autres
1548 3518 1770 3568 milliens
1805 3516 1868 3566 de
1886 3517 2084 3568 chauces
2117 3516 2181 3568 de
2193 3521 2396 3583 pertua·-

379 3594 544 3646 bation
576 3591 703 3644 etde
738 3591 1041 3641 destruction
1054 3589 1294 3656 possibles
1305 3627 1321 3655 ,
1352 3591 1415 3655 je
1442 3590 1641 3641 m’ecrie
1659 3604 1678 3639 .·
1710 3602 1889 3640 centes
1912 3626 1927 3653 ,
1972 3603 2035 3639 LA
2075 3602 2267 3640 narone
2312 3604 2398 3640 nst

378 3677 537 3715 menn.

440 3743 581 3793 Adde
598 3755 887 3807 responsum
906 3742 1082 3793 Arabis
1103 3742 1310 3805 alicujus
1335 3743 1473 3794 rudis
1496 3746 1549 3794 et
1582 3740 1745 3806 ignari
1759 3775 1779 3805 ,
1808 3742 1895 3805 qui
1915 3741 2241 3808 interrogatus
2258 3777 2274 3806 ,
2297 3748 2399 3805 qua

380 3815 572 3866 ratione
590 3830 643 3866 se
662 3820 853 3866 certum
884 3814 1157 3867 reddiderit
1184 3816 1261 3866 de'
1276 3815 1538 3866 existentia
1558 3813 1652 3865 Dei
1675 3826 1693 3864 ε
1723 3813 1797 3864 De
1833 3814 1884 3864 la
1904 3813 2061 3865 meme
2077 3817 2222 3879 sagon
2235 3849 2255 3879 ,
2291 3829 2396 3864 res·

381 3886 554 3949 pondit
564 3924 580 3952 ‚
604 3887 761 3952 queJ‘e
776 3889 1085 3952 connaispar
1105 3887 1177 3936 les
1195 3890 1352 3937 traces
1372 3888 1627 3953 marque'es
1641 3899 1733 3936 sur
1748 3884 1794 3937 le
1807 3884 1960 3947 suble,
1977 3885 2066 3936 s'il
2077 3902 2110 3950 y
2123 3902 2153 3936 a
2172 3889 2319 3950 posse
2333 3901 2396 3936 tm

382 3957 573 4009 homme
587 3971 652 4009 ou
671 3972 764 4011 me
782 3957 902 4011 bete.
926 3959 1006 4010 Sic
1024 3958 1088 4011 D.
1113 3957 1361 4017 Darvieux
1379 3959 1438 4031 ⁴in
1457 3971 1547 4009 suo
1570 3970 1717 4021 opere
1742 3970 1756 4007 ε
1781 3955 1973 4022 Voyaqe
1987 3970 2045 4008 en
2068 3957 2268 4009 Arabie.
