2988 4832
355 597 553 680 potest
576 589 899 662 criterium
938 589 1213 661 veritatis
1252 591 1527 681 cujusvis
1554 588 1904 679 systematis
1928 584 2368 681 philosophici.

356 697 539 767 Certo
565 699 741 777 enim
760 698 1043 791 judicare
1073 697 1306 790 poteris
1357 719 1553 765 omne
1587 697 1745 765 illud
1789 701 2056 787 systema
2085 696 2368 789 philoso-

353 808 618 897 phicum
641 859 660 887 ,
714 807 882 898 quod
915 812 1008 876 est
1048 812 1269 874 contra
1298 827 1559 873 sensum
1601 811 1865 874 mittin-m
1906 827 2369 885 communem«,

353 936 483 982 esse
516 915 745 983 salsum
773 966 791 994 ,
820 916 980 983 sicut
1001 936 1192 981 omne
1214 963 1231 990 ,
1265 912 1434 1002 quod
1459 934 1612 997 cum
1633 934 1821 982 sensu
1851 913 2182 981 communi
2209 933 2370 979 con-

363 1028 585 1101 sentit,
613 1023 835 1093 saltem
858 1027 927 1091 in
949 1020 1461 1092 conclusionibus
1486 1021 1655 1098 suis,
1692 1021 1806 1088 etsi
1834 1021 1992 1089 sorte
2022 1041 2173 1088 non.
2195 1042 2369 1087 sem-

349 1151 466 1219 per
486 1129 556 1198 in
582 1130 774 1199 modo
797 1129 878 1198 ad
901 1150 1009 1198 eas
1033 1127 1470 1196 conclusiones
1486 1125 1924 1217 perveniendi,
1954 1148 2085 1195 esse
2105 1147 2363 1195 verum.

347 1233 482 1303 Nec
503 1242 717 1305 tamen
746 1244 1074 1328 propterea
1098 1257 1318 1303 sensus
1340 1239 1584 1303 naturae
1608 1234 1971 1302 communis
1999 1238 2093 1302 est
2118 1234 2373 1324 princi-

345 1343 522 1433 pium
544 1344 933 1413 certitudinis
951 1343 1398 1434 philosophicae
1424 1394 1442 1422 ‚
1471 1341 1854 1411 velomnino
1862 1339 2368 1431 philosophicam

348 1451 773 1540 cognitionem
806 1473 920 1541 per
948 1473 1015 1518 se
1041 1456 1104 1518 et
1130 1448 1492 1519 immediate
1524 1449 1674 1516 dare
1707 1452 1947 1539 potest,
2003 1452 2219 1537 utpote
2255 1449 2368 1539 qui

351 1578 573 1627 verum
595 1557 853 1649 quidem
876 1556 1289 1647 apprehendit
1314 1606 1331 1634 ‚
1383 1556 1493 1624 sed
1543 1577 1678 1623 non
1719 1555 1986 1646 explicat
2007 1605 2029 1633 ‚
2078 1576 2222 1623 non
2255 1577 2366 1622 re·
2419 1592 2426 1599 2

347 1663 505 1732 flexe
558 1652 920 1754 cognoscit,
973 1685 1109 1732 non
1157 1663 1422 1732 demum
1464 1663 1778 1730 rationem
1816 1661 1894 1728 de
1936 1662 2197 1729 veritate
2234 1682 2368 1730 suae

346 1770 861 1862 apprehensionis
905 1768 1040 1840 sibi·
1074 1769 1300 1840 reddit.
1347 1767 1565 1860 Itaque
1607 1789 1830 1837 sensus
1872 1772 2119 1838 naturae
2177 1788 2370 1835 com-

352 1878 570 1946 munis
598 1899 708 1945 seu
735 1898 954 1946 sensus
987 1878 1124 1946 veri
1162 1884 1255 1946 est
1292 1876 1502 1945 solum
1545 1875 1931 1967 principium
1974 1875 2368 1945 certitudinis

357 1985 682 2066 naturalis;
705 2007 820 2076 per
841 1983 1224 2056 evidentiam
1245 1989 1462 2053 autem
1479 1982 1914 2053 immediatam
1935 1989 1998 2051 et
2018 1981 2365 2055 mediatam

351 2093 540 2184 hujus
578 2093 964 2163 certitudinis
1013 2092 1316 2164 naturalis
1365 2093 1671 2184 quaeritur
1718 2097 1782 2161 et
1829 2090 2114 2160 redditur
2156 2091 2316 2161 ratio
2335 2103 2374 2170 ,“’

348 2208 536 2293 atque
562 2200 737 2271 >hinc
781 2202 1095 2278 evidentia
1139 2202 1213 2272 fit
1255 2201 1644 2295 principium
1696 2199 2085 2272 certitudinis
2112 2197 2364 2269 reflexae

347 2330 460 2378 scu
494 2309 971 2404 philosophicoe.
