2988 4832
1505 501 1638 575 378

564 615 854 719 proxima
879 615 1221 699 existehha'e
1249 623 1454 691 causae
1481 609 1848 697 secundas,
1828 603 1998 687 se'd
2015 604 2205 684 etmel
2240 628 2378 680 am·
2403 607 2599 681 eausa

566 731 826 807 secunda
865 729 1056 797 etiam
1102 728 1271 797 ratio
1313 729 1623 818 sufficiens
1658 725 1955 817 proxima
1996 732 2056 790 et
2095 721 2450 790 imam
2492 720 2596 811 ip-

454 893 463 898 a
566 857 788 907 sorum
814 837 1130 926 effectuum
1152 856 1359 905 causae
1380 836 1699 916 secundm,
1726 853 1886 925 quos
1905 832 2370 920 consequenter
2398 827 2592 895 simul

570 966 726 1015 cum
753 942 1046 1013 creatura
1082 948 1383 1034 operante
1416 943 1608 1012 etiam
1648 940 1823 1012 Deus
1866 934 2213 1011 immediate
2240 941 2587 1028 operetur;

564 1053 661 1121 uti
685 1074 753 1120 v.
788 1073 856 1142 g.
886 1050 1182 1119 effectum
1212 1050 1469 1119 visionis
1494 1050 1771 1143 physicas
1802 1069 1915 1116 seu
1949 1044 2273 1121 actualem
2301 1043 2594 1134 aliquam

564 1156 878 1226 visionem
923 1157 1254 1247 physicam
1304 1157 1499 1226 simul
1540 1179 1694 1227 cum
1742 1155 1963 1225 anima
2008 1157 2311 1246 operante
2329 1202 2350 1232 ‚
2395 1153 2466 1233 i.
2496 1175 2543 1227 e
2562 1202 2588 1231 ‚

565 1266 776 1334 visum
807 1265 1177 1334 intendente
1201 1317 1220 1345 ,
1273 1265 1402 1356 qua
1436 1266 1747 1357 principio
1777 1264 2037 1334 visionis
2060 1262 2405 1353 subjective
2433 1283 2594 1352 ope·

564 1376 742 1442 ratur
761 1372 988 1443 lumen
1013 1373 1353 1466 physicum
1377 1424 1397 1452 ,
1428 1374 1560 1463 qua
1597 1372 1987 1464 principium
2045 1369 2306 1442 visionis
2345 1369 2595 1467 ‘objec-

566 1480 801 1561 tivum.

653 1608 795 1692 Qua
818 1610 889 1678 in
919 1633 992 1679 re
1032 1611 1526 1703 praenotandum
1554 1602 1710 1680 estt'

645 1741 710 1830 a)
744 1740 870 1831 Agi
896 1740 1002 1809 hic
1032 1741 1112 1808 de
1151 1764 1444 1808 concursu
1470 1739 1590 1810 Dei
1617 1716 1653 1820 ‚x
1675 1761 1800 1808 non
1824 1738 2053 1807 morali
2070 1754 2097 1818 ‚'
2126 1751 2264 1809 'nec
2290 1739 2592 1829 superna-'-

566 1848 764 1913 curali
783 1898 803 1925 ,
857 1845 967 1914 sed
992 1849 1237 1936 physico
1283 1850 1536 1915 tantum
1580 1852 1644 1917 et
1679 1847 1966 1914 naturali
2013 1847 2093 1915 ad
2130 1847 2396 1914 actiones
2433 1870 2593 1912 mere

558 1955 802 2042 physice
822 2006 838 2032 ‚
872 1974 986 2022 seu
1014 1958 1330 2044 quatenus
1350 1956 1416 2024 vi
1438 1955 1701 2046 physica
1720 1960 2056 2046 ponuntur
2076 2007 2093 2035 ‚
2119 1965 2437 2045 spectatas.
2482 1953 2591 2022 Ad

567 2059 842 2128 actiones
871 2062 1049 2128 enim
1087 2067 1392 2157 creaturae
1437 2063 1566 2152 qua
1598 2063 1972 2132 naturaliter
2003 2063 2303 2132 honestas
2329 2070 2352 2142 ,“’
2400 2061 2591 2128 mul-

566 2172 756 2256 toque
793 2169 996 2258 magis
1040 2170 1121 2237 ad
1164 2171 1440 2238 actiones
1479 2173 1536 2260 ej
1546 2193 1617 2238 us
1664 2170 2176 2263 supernaturales
2233 2168 2405 2239 Deus
2450 2190 2591 2238 non

550 2275 775 2347 ,solum
804 2277 1084 2367 physice,
1131 2278 1241 2347 sed
1265 2280 1450 2347 etiam
1479 2278 1804 2346 moraliter
1828 2278 2179 2357 concurrit,
2201 2278 2333 2345 imo
2356 2299 2591 2367 super-

566 2383 884 2452 naturales
911 2390 1215 2455 creaturae
1242 2392 1428 2455 actus
1465 2387 1727 2475 insuper
1782 2376 2037 2476 speciali
2062 2384 2343 2476 quadam
2372 2390 2435 2453 et
2465 2404 2592 2454 su-

563 2493 952 2582 pernaturali
986 2494 1189 2583 gratia
1218 2499 1590 2584 promoveat
1633 2513 1887 2562 necesse
1905 2497 2037 2561 est.

661 2647 716 2737 b)
750 2646 1083 2717 Creaturas
1113 2650 1264 2718 alias
1285 2653 1615 2718 necessario
1644 2673 1834 2743 agere
1867 2678 1883 2721 ε
1923 2653 2019 2721 1111
2064 2658 2231 2721 astra
2269 2656 2332 2721 et
2376 2674 2590 2742 gene-

561 2755 750 2825 ratim
775 2777 876 2823 res
902 2778 1126 2825 omnes
1152 2758 1507 2827 materiales
1532 2787 1549 2839 ;
1581 2760 1735 2827 alias
1763 2762 1947 2826 libere
1975 2787 1994 2840 3
2027 2762 2122 2828 uti
2145 2765 2449 2828 creaturae
2467 2783 2590 2830 ra·-

561 2863 824 2931 tionales
861 2890 876 2930 ι
914 2864 1088 2931 unde
1125 2870 1188 2933 et
1217 2885 1565 2934 concursus
1598 2864 1718 2935 Dei
1745 2868 2149 2938 immediatus
2173 2868 2255 2937 ad
2302 2868 2448 2937 istas
2474 2868 2590 2937 di·-

562 2990 760 3039 versae
790 2967 1035 3039 naturae
1059 2971 1337 3041 actiones
1374 2973 1662 3043 diversus
1689 2975 1767 3044 sit
1793 2981 2062 3066 oportet.

645 3114 858 3207 Atque
879 3117 979 3186 his
1005 3120 1367 3208 praenotatis
1386 3122 1525 3208 jam
1547 3171 1564 3199 ‚
1595 3118 1750 3210 quid
1772 3121 1939 3191 circa
1965 3120 2139 3192 hanc
2163 3124 2583 3216 quaestionem

503 3237 536 3251 ·’
562 3226 907 3297 sentiamus
925 3277 943 3305 ‚
989 3224 1266 3295 breviter
1299 3249 1691 3318 exponemus
1718 3254 1737 3297 2

648 3364 709 3456 a)
743 3365 1079 3434 Concursus
1118 3363 1238 3434 Dei
1267 3365 1349 3435 ad
1371 3370 1634 3434 actiones
1659 3391 1855 3437 causae
1883 3374 2231 3440 necessaria
2260 3372 2343 3443 ab
2385 3372 2581 3465 ipsius

563 3475 1000 3539 conservacione
1024 3473 1258 3541 directa
1284 3479 1346 3539 et
1369 3476 1635 3563 positiva
1662 3499 1785 3542 non
1812 3488 1896 3543 est
1927 3479 2275 3548 distinctus.
2319 3479 2580 3552 Etenim

562 3576 735 3646 Deus
758 3586 905 3649 actu
932 3580 1272 3649 voluntatis
1295 3581 1521 3650 eodem
1544 3634 1561 3661 ‚
1613 3605 1741 3675 quo
1787 3608 2000 3653 causas
2038 3581 2406 3656 necessarias
2433 3589 2579 3657 vult

565 3686 819 3754 existere
846 3739 862 3767 ‚
898 3688 1036 3755 vult
1068 3709 1170 3757 eas
1193 3712 1228 3767 ,’
1267 3691 1447 3757 0111111
1500 3692 1558 3759 vi
1600 3694 1713 3759 sua
1752 3694 2086 3764 instructas
2110 3748 2125 3774 ‚
2181 3698 2372 3765 etiam
2399 3702 2576 3768 tanto

565 3798 845 3884 tempore
869 3816 979 3863 seu
1007 3818 1159 3864 cum
1182 3802 1272 3864 tot
1299 3798 1417 3865 sibi
1439 3800 1791 3868 intrinsecis
1814 3804 2308 3873 successionibus
2331 3811 2396 3874 et
2430 3807 2576 3875 sin·-

566 3902 746 3992 gulas
773 3897 839 3971 in
868 3904 975 3974 tali
1005 3926 1155 3973 cum
1183 3905 1318 3977 aliis
1342 3906 1887 3980 combinationum
1914 3919 1977 3981 et
2005 3913 2385 3982 relationum
2415 3915 2574 3985 serie
