2988 4832
280 641 678 712 immensum
708 657 844 711 esse
884 640 1119 732 potest,
1167 639 1319 731 quia
1349 636 1673 733 possibiles
1709 640 1918 710 essent
1951 640 2287 716 uentum·

280 746 517 840 quibus
545 768 824 841 praesens
851 768 983 816 esse
1012 768 1146 816 non
1178 746 1515 816 sufficeret.
1556 744 1721 816 Dein
1747 757 2056 816 emmaum
2081 747 2153 816 in
2182 745 2294 815 sua

280 855 543 926 notione
574 853 841 926 involvit
867 852 1413 944 extrapositionem
1446 854 1725 944 partium
1748 880 1768 933 ς
1813 875 1966 945 ergo
1986 852 2157 944 quod
2177 873 2296 923 ex·-

280 968 539 1032 tensum
565 968 677 1042 est,
707 963 930 1055 nequit
951 962 1209 1031 existere
1242 964 1449 1032 totum
1475 961 1547 1030 in
1574 965 1704 1030 toto
1729 965 1793 1031 et
1819 966 2025 1033 totum
2054 963 2125 1033 in
2155 962 2300 1032 sin-

279 1070 450 1163 gulis
474 1070 780 1163 partibuS.

374 1217 531 1288 134.
598 1217 824 1287 Senot.
887 1215 1408 1288 Demonstratum
1458 1217 1670 1307 itaque
1713 1220 1811 1285 est
1859 1236 1936 1286 ex
1983 1216 2120 1308 ipsa
2159 1214 2302 1286 idea

278 1322 404 1394 Dei
445 1328 517 1393 ut
546 1328 708 1394 entis
747 1326 994 1394 infinite
1022 1326 1311 1417 perfecti,
1355 1324 1569 1394 Deum
1607 1331 1958 1394 necessario
1994 1347 2127 1395 esse
2166 1326 2300 1393 im-
2414 1345 2417 1350 ·

278 1451 617 1513 mensum,
669 1433 738 1502 id
775 1433 948 1525 quod
987 1433 1092 1502 vel
1135 1433 1283 1523 ipsis
1325 1433 1593 1500 ethnicis
1633 1434 1964 1523 cognitum
2009 1437 2165 1500 erat.
2216 1430 2302 1501 Ut

275 1544 499 1609 autem
548 1541 738 1610 etiam
763 1593 780 1621 ‚
837 1540 1125 1631 quomodo
1165 1537 1339 1608 Deus
1383 1541 1740 1607 immensus
1791 1538 1907 1617 sit,
1958 1537 2300 1628 aliqualem

280 1646 469 1718 nobis
510 1649 839 1718 notionem
876 1647 1306 1727 efformemus,
1344 1647 1766 1737 inquiramus,
1805 1651 2029 1714 utrum
2061 1667 2197 1715 non
2229 1647 2299 1715 in

281 1756 592 1825 creaturis
635 1755 978 1825 similitudo
1022 1754 1316 1845 quaedam
1358 1758 1420 1823 et
1467 1775 1543 1822 ea
1584 1754 2022 1823 immensitatis
2061 1775 2301 1845 repra>-

279 1862 549 1934 sentatio
586 1856 959 1956 reperiatur,
1000 1869 1073 1931 ut
1108 1862 1332 1932 exinde
1372 1861 1454 1931 ad
1485 1862 1689 1953 ipsam
1731 1862 2142 1930 intrinsecam
2180 1883 2301 1930 na-

278 1976 499 2039 turam
522 1969 755 2040 divinae
781 1971 1220 2040 immensitatis
1252 1975 1315 2039 et
1349 1973 1614 2049 modum,
1656 1993 1771 2059 quo
1797 1969 1972 2039 Deus
1993 1973 2304 2040 essentia—-

281 2078 429 2148 liter
456 2083 550 2146 est
577 2083 744 2148 totus
781 2081 851 2148 in
890 2084 1020 2149 toto
1048 2085 1111 2147 et
1146 2078 1340 2147 simul
1377 2082 1544 2147 totus
1580 2079 1650 2146 in
1688 2075 1955 2171 singulis
1982 2078 2296 2171 partibus,

280 2185 775 2276 intelligendum
802 2186 1277 2279 perveniamus,
1307 2184 1453 2255 Jam
1481 2208 1637 2255 vero

371 2339 729 2410 Similitudo
772 2336 1211 2409 immensltatis
1259 2337 1491 2408 divinae
1535 2339 1849 2431 reperitur
1899 2341 2176 2410 maxime
2231 2340 2305 2413 in

278 2451 572 2529 homine,
619 2451 899 2542 imagine
928 2445 1080 2528 Dei,
1114 2454 1177 2517 et
1214 2448 1474 2539 quidem
1514 2453 1649 2518 tam
1686 2450 1759 2516 in
1797 2450 2055 2538 influxu
2081 2450 2307 2521 animoe

277 2562 410 2646 ejus
435 2559 508 2627 in
530 2579 765 2648 corpus,
795 2577 993 2649 quam
1014 2557 1085 2626 in
1110 2555 1286 2625 verbo
1313 2556 1602 2629 humano·

365 2713 452 2780 In
478 2713 735 2802 influxu
758 2734 983 2783 antmae
1004 2719 1135 2804 ejus
1154 2716 1229 2784 in
1263 2738 1501 2807 corpus.
1544 2715 1787 2790 Anima
1823 2719 2001 2791 enim
2036 2742 2113 2790 ex
2151 2718 2308 2812 Psy-

278 2820 577 2913 chologia
613 2822 963 2891 necessario
1000 2827 1094 2891 est
1137 2823 1475 2912 spiritualis
1514 2831 1577 2892 et
1616 2826 1914 2916 simplex.
1959 2832 2024 2896 et
2053 2832 2294 2909 tamen,

279 2930 644 3019 cuicunque
665 2929 948 3021 opinioni
976 2928 1054 2997 de
1084 2928 1228 2998 sede
1256 2930 1492 2998 animae
1523 2931 1664 3020 quis
1690 2932 2027 3010 adhaereat,
2061 2933 2305 3003 admit-

282 3045 417 3107 tere
455 3035 727 3117 debebit,
762 3037 1050 3105 animam
1076 3057 1255 3125 posse
1284 3058 1474 3127 agere
1505 3042 1569 3105 ct
1597 3059 1813 3128 reapse
1836 3060 2000 3129 saepe
2024 3060 2212 3131 agere
2231 3041 2305 3113 in

283 3143 562 3212 diversas
590 3146 798 3236 partes
838 3141 1117 3234 corporis
1150 3147 1298 3213 actu
1333 3143 1738 3223 simultaneO,
1774 3166 1843 3214 v.
1874 3167 1941 3236 g.
1978 3145 2049 3213 in
2074 3170 2305 3219 nervos

277 3258 418 3319 tam
449 3274 578 3331 eos,
619 3253 732 3343 qui
764 3252 835 3320 in
863 3251 1076 3344 pedes,
1119 3274 1316 3344 quam
1344 3273 1473 3332 eos,
1509 3252 1620 3344 qui
1654 3253 1727 3323 in
1753 3252 2017 3333 brachia
2040 3261 2307 3349 Proten-

282 3356 553 3430 duntur.
579 3357 769 3456 Unde
792 3361 1023 3428 animae
1048 3361 1450 3453 praesentiam
1470 3367 1534 3428 et
1558 3362 1957 3445 activitatem,
1992 3365 2298 3458 adeoque,

280 3469 500 3557 utpote
532 3466 857 3558 simpliciS,
894 3467 1103 3560 ipsum
1132 3493 1248 3536 esse
1276 3475 1482 3542 totum
1509 3470 1581 3539 in
1604 3471 1895 3565 pluribus
1930 3474 2123 3547 simul
2148 3475 2307 3553 locis

282 3568 506 3644 adesse
530 3574 912 3647 concludere
944 3597 1196 3645 necesse
1222 3582 1339 3648 est.

369 3718 461 3784 ⁴In
486 3719 660 3786 verbo
687 3721 973 3789 humano.
1022 3717 1191 3788 Nam
1227 3725 1291 3789 et
1329 3721 1489 3800 idea,
1541 3723 1641 3814 cuj
1649 3744 1722 3792 us
1743 3723 2017 3794 verbum
2047 3729 2143 3797 est
2164 3726 2306 3819 sig-

293 3841 478 3902 num,
524 3844 655 3896 una
698 3834 759 3896 et
799 3827 1065 3917 simplex
1104 3829 1175 3893 in
1216 3827 1527 3916 se,{simul
1563 3851 1637 3897 ac
1670 3831 1865 3901 verbo
1908 3834 2304 3906 manifestata

295 3932 404 4008 cst.
434 3933 526 4001 est
552 3930 745 4006 simul
766 3936 894 4015 tota
922 3929 994 4011 in
1017 3941 1138 4008 tote
1168 3936 1378 4013 alieno
1403 3934 1648 4021 ambitu
1669 3944 1731 4018 et
1757 3944 1885 4017 tota
1908 3941 1977 4014 iu
2002 3942 2301 4015 omnihus
