2988 4832
1229 505 1351 575 301

285 635 428 706 deat
450 684 471 711 ,
501 627 808 722 impedIre
842 632 1095 699 tenetur
1121 679 1141 707 ‚
1173 651 1326 697 cum
1367 624 1729 694 libertatem
1783 616 1974 691 etiam
2004 613 2253 688 finitam
2284 661 2304 698 ‚

284 742 569 832 adeoque
611 762 765 808 cum
804 739 1204 830 possibilitate
1253 736 1490 804 abusus
1534 733 1950 821 conjunctam
1984 727 2156 796 salvii
2185 726 2304 795 boe

288 851 481 920 nitate
514 848 860 917 concedere
890 847 1105 939 possit.
1143 844 1311 913 Dein
1343 846 1430 911 N.
1464 843 1651 907 etiam
1673 840 1754 907 M
1752 839 1863 910 in„
1880 836 2077 925 quoad
2102 856 2313 902 secun-

286 961 433 1023 a'um
463 958 674 1024 memb.
708 953 882 1023 Deus
907 955 1085 1022 enim
1128 952 1340 1021 dando
1382 948 1743 1017 libertatem
1777 966 1912 1013 non
1961 942 2131 1009 dedit
2157 963 2313 1008 cau-

288 1089 427 1134 sam
479 1065 717 1133 abusus
743 1117 761 1142 ‚
825 1062 1136 1154 siquidem
1155 1113 1173 1141 ‚
1218 1065 1289 1128 ut
1319 1080 1484 1150 saepe
1522 1057 1660 1147 jam
1706 1053 1976 1122 diximus
2007 1103 2022 1126 ‚
2057 1049 2315 1118 libertas

290 1161 424 1245 non
461 1181 554 1243 est
581 1198 767 1241 causa
796 1173 1055 1251 abuSfiS,
1099 1169 1212 1240 sed
1257 1168 1469 1237 solum
1484 1162 1978 1256 proerequisitum
1994 1211 2016 1239 ,
2048 1162 2175 1227 sine
2203 1182 2316 1250 quo

287 1306 410 1349 non
432 1307 458 1363 ,·
490 1282 662 1349 unde
687 1282 774 1350 N.
823 1282 1003 1350 Cous·
1676 1275 1679 1278 ¹

368 1436 535 1503 Inst.
579 1432 647 1501 5⁰
692 1430 762 1501 Si
784 1437 962 1523 pater
987 1432 1117 1501 filio
1163 1453 1388 1500 ensem
1413 1429 1593 1499 duret
1612 1479 1630 1507 ‚
1667 1449 1796 1519 quo
1823 1448 1890 1496 se
1914 1427 2271 1496 occisurum
2291 1474 2310 1500 .

288 1544 345 1611 si
383 1542 673 1611 medicus
721 1541 1070 1632 porrigeret
1118 1545 1354 1631 aegroto
1386 1536 1774 1606 medicinam
1796 1586 1816 1612 ‚
1868 1557 1946 1601 ex
1989 1533 2117 1623 quit
2165 1554 2312 1601 eum

286 1641 676 1719 moriturum
706 1653 878 1718 certo
897 1646 1304 1739 praevideret,
1340 1666 1477 1714 non
1505 1642 1661 1711 boni
1678 1693 1696 1721 ,
1731 1641 1845 1710 scd
1881 1639 2168 1708 crudeles
2194 1638 2316 1706 ha·

287 1744 631 1838 berentur3
679 1777 837 1847 ergo
864 1778 901 1824 a
930 1754 1071 1846 pari
1100 1751 1273 1824 Deus

380 1907 459 1977 R.
500 1910 573 1978 C.
613 1908 767 1975 Ant.
808 1909 897 1976 N.
943 1907 1123 1974 Cone.
1165 1911 1237 1973 et
1257 1907 1459 1994 parit.
1510 1903 1679 1973 Nam
1709 1893 1783 1971 fit
1815 1909 1983 1971 recte
2021 1901 2102 1971 D.
2133 1901 2317 1970 Tho-

292 2038 432 2084 mas
453 2013 534 2107 (1)
565 2013 1053 2083 animadvertit:
1090 2012 1268 2081 aliter
1310 2016 1405 2079 est
1435 2010 1515 2080 de
1561 2034 1638 2080 eo
1663 2062 1681 2090 ,
1716 2011 1831 2102 qui
1862 2033 2088 2080 curam
2126 2008 2320 2078 habet

292 2124 559 2213 alicujus
590 2120 993 2213 particularis
1027 2148 1044 2201 3
1087 2118 1195 2188 hic
1223 2119 1400 2188 enim
1432 2118 1770 2188 excludere
1802 2117 1987 2188 debet
2007 2140 2048 2187 a
2071 2116 2320 2186 subdito

294 2231 613 2301 defectum
633 2281 652 2312 ,
684 2236 1001 2321 quantum
1028 2233 1230 2320 potest
1256 2255 1273 2309 ς
1306 2226 1489 2297 aliter
1518 2227 1599 2297 de
1629 2228 1948 2319 provisore
1978 2226 2267 2318 generali
2293 2254 2312 2307 ;

293 2341 401 2411 hic
426 2343 601 2411 enim
628 2393 644 2420 ,
687 2364 770 2410 ne
810 2338 1195 2433 impediatur
1221 2340 1473 2409 bonum
1500 2337 1984 2407 universalitatis
2006 2389 2025 2416 ,
2062 2339 2317 2431 sapien-

299 2459 393 2521 ter
429 2452 678 2521 malum
707 2451 979 2542 alicujus
1003 2448 1399 2541 particularis
1448 2448 1756 2540 permittit
1777 2498 1795 2527 .
1838 2447 2190 2517 dummodo
2232 2449 2317 2518 ad

296 2561 420 2628 hoc
446 2560 708 2652 positive
738 2579 874 2628 non
912 2564 1273 2638 concurrat,
1307 2579 1518 2649 neque
1546 2557 1672 2626 hoc
1699 2557 1985 2627 intendat
2013 2586 2029 2639 ;
2061 2580 2136 2627 eo
2163 2579 2315 2626 ma·-

296 2671 394 2761 gis
416 2669 471 2737 si
518 2689 595 2737 ex
636 2667 762 2738 hoc
808 2666 980 2735 malo
1025 2667 1175 2734 sciat
1207 2664 1461 2735 trahere
1505 2665 1755 2735 bonum
1800 2665 2309 2736 universalitatis.

297 2777 403 2847 Sic
431 2778 726 2870 princeps
754 2780 953 2867 potest
989 2780 1050 2842 et
1072 2773 1258 2842 dohet
1293 2780 1517 2843 contra
1539 2774 1727 2864 regni
1755 2775 1855 2842 sui
1890 2773 2101 2842 hostes
2127 2798 2314 2843 exer-

301 2885 503 2953 citum
552 2883 801 2955 mittere
828 2934 846 2962 ‚
895 2882 1142 2950 etiamsi
1170 2886 1342 2950 certo
1389 2880 1733 2971 prm-videat
1792 2880 2008 2971 plures
2052 2904 2130 2951 ex
2185 2884 2315 2952 suis

300 2990 566 3062 subditis
604 2991 753 3060 inde
779 2989 1115 3081 perituros·
1558 2975 1563 2978 ⁴

321 3098 324 3103 ’
385 3096 556 3168 OBJ.
605 3098 675 3167 4⁶
710 3097 847 3166 Ens
890 3119 1145 3168 summe
1196 3097 1450 3168 honum
1494 3104 1590 3168 est
1638 3097 1801 3168 illud
1840 3151 1858 3179 ‚
1909 3120 2038 3190 quo
2084 3099 2317 3170 melius

363 3304 435 3373 (1)
447 3305 581 3358 Part.
601 3303 645 3359 1.
667 3304 849 3365 Quoest.
872 3309 953 3358 ΞΩ.
974 3305 1085 3362 Art.
1101 3309 1151 3358 2.
1172 3304 1247 3356 Ad
1269 3309 1387 3358 2um‚
1411 3306 1500 3357 ubi
1523 3306 1622 3357 ait:
1643 3305 1784 3369 Quod
1799 3306 1950 3359 aliter
1968 3305 2032 3357 de
2049 3320 2105 3358 eo
2121 3309 2212 3370 est,
2234 3301 2327 3373 qui

300 3376 439 3431 habet
455 3391 627 3432 curam
641 3379 857 3443 alicujus
867 3379 1196 3443 particularis
1212 3381 1261 3428 et
1270 3378 1334 3428 de
1349 3379 1608 3443 provisore
1626 3380 1918 3444 anniversali,-
1952 3381 2070 3447 quia
2088 3380 2323 3445 provisor

296 3448 621 3514 particularis
634 3448 853 3499 excludit
864 3449 1110 3513 desectum
1126 3449 1188 3500 ab
1207 3464 1279 3514 εο,
1300 3450 1432 3514 quod
1444 3450 1556 3513 ejus
1563 3465 1700 3500 curoe
1713 3451 1961 3514 subditur,
1980 3456 2216 3518 quantum
2225 3467 2323 3518 po-

302 3523 395 3572 test
415 3534 435 3571 .·
454 3519 544 3571 sed
558 3521 789 3585 provisor
814 3519 1115 3569 universalis·
1128 3521 1377 3584 permittit
1400 3521 1618 3587 aliquem
1639 3522 1884 3586 desectum
1905 3524 1958 3574 in
1981 3523 2149 3590 aliquo
2162 3525 2328 3589 parti-

300 3591 466 3645 catari
484 3590 704 3642 accidere
717 3628 732 3656 ,
766 3605 827 3640 ne
847 3590 1149 3655 impediatur
1182 3590 1359 3642 bonum
1378 3593 1611 3645 lotium...
1639 3593 1764 3644 Cum
1786 3594 1947 3660 iqitur
1966 3596 2098 3646 Deus
2117 3597 2186 3646 sit
2211 3597 2328 3648 uni·

300 3663 515 3716 ver-valis
542 3663 773 3727 provisor
791 3663 940 3713 totius
961 3662 1107 3726 enti-r,
1129 3663 1198 3713 ad
1223 3665 1382 3728 ipsius
1400 3665 1768 3730 providentiam
1787 3669 2017 3733 pertinet,
2051 3671 2106 3719 ut
2122 3670 2328 3735 permit-

301 3736 380 3785 tat
410 3732 652 3799 quosdam
682 3732 902 3797 defectus
932 3747 1038 3784 esse
1081 3735 1135 3784 in
1168 3734 1417 3800 aliquibus
1428 3737 1825 3801 particularibus
1846 3739 2006 3799 §rebus
2025 3778 2042 3806 ,
2081 3756 2142 3791 ne
2165 3741 2329 3806 impe·

299 3805 480 3861 diatur
508 3802 686 3856 bonum
716 3805 960 3859 universi.
991 3805 1054 3855 Si
1072 3806 1205 3856 enim
1224 3807 1391 3858 omnia
1410 3808 1548 3858 mala
1582 3808 1973 3875 impedirentur,
2005 3813 2165 3864 multa
2203 3813 2330 3865 bona

303 3878 525 3927 deessent
545 3877 788 3927 universo.
809 3876 921 3927 Non
942 3877 1073 3927 enim
1094 3881 1216 3929 esset
1237 3880 1341 3930 vita
1364 3879 1534 3945 leonis,
1558 3881 1608 3930 si
1637 3895 1733 3932 non
1761 3885 1886 3932 esset
1922 3885 2097 3936 occisio
2129 3886 2328 3936 anima·

307 3949 433 4002 lium
456 3964 473 4000 .·
495 3962 577 4000 nec
598 3948 722 4002 esset
727 3949 980 4020 patientia
997 3952 1297 4019 martyrum,
1324 3953 1389 4004 ..s-i
1419 3966 1514 4004 non
1535 3956 1658 4007 esset
1669 3955 1946 4021 persecutio
1982 3959 2325 4022 tyrannorum.

490 4043 537 4092 11
727 4074 730 4075 ν
845 4052 846 4055 ’
2043 4029 2127 4088 98
