2988 4832
1242 473 1373 547 305
1473 479 1474 482 ’

320 610 451 678 sore
485 607 763 701 stupidos
784 658 804 686 ‚
833 611 905 676 ut
938 622 1070 675 non
1100 606 1355 674 venturi
1376 606 1602 680 essent,
1642 601 1765 671 nisi
1785 594 2160 694 proponeret
2177 600 2302 673 duo

305 716 508 786 millia
542 722 954 786 scutatorum.
989 712 1172 782 Adde
1203 711 1309 782 hic
1334 764 1351 791 ,
1388 710 1561 802 quod
1599 710 1650 778 si
1677 709 1835 779 ratio
1864 710 2155 799 quaedam
2175 710 2255 777 sit
2278 751 2298 787 ‚-

305 825 362 892 vi
379 825 573 916 cujus
593 823 766 893 Deus
791 825 1112 891 teneretur
1154 818 1454 887 omnihus
1506 818 1656 885 dare
1698 817 1928 907 gratias
1968 817 2249 884 efficaces
2279 867 2296 893 .

301 931 525 1000 eadem
558 932 715 1000 ratio
759 930 1072 1022 obligaret
1113 926 1325 997 Deum
1358 926 1551 995 etiam
1596 923 1680 993 ad
1723 924 1962 995 dandas
2003 926 2304 993 continuo

296 1040 526 1130 gratias
548 1038 1019 1108 excellentiores
1044 1087 1062 1116 .
1090 1042 1278 1127 atque
1304 1036 1392 1104 ita
1415 1033 1590 1104 Deus
1610 1032 1772 1102 liber
1794 1055 1926 1102 esse
1949 1038 2213 1103 cessaret
2228 1052 2303 1099 ex

293 1148 429 1235 jam
465 1168 658 1239 supra
682 1145 885 1216 dictis,
2320 1157 2323 1160 ’

383 1325 532 1395 OBJ
540 1378 557 1396 .
593 1326 662 1395 5⁰
698 1323 872 1394 Deus
902 1326 1128 1395 saltem
1148 1329 1222 1395 ut
1249 1325 1677 1396 sanctissimus
1703 1325 1847 1396 odio
1878 1324 2127 1397 infinito
2156 1345 2306 1416 pro·

291 1435 475 1526 sequi
502 1433 689 1502 debet
711 1438 1044 1525 peccatum
1072 1460 1090 1503 z
1133 1456 1286 1525 ergo
1316 1456 1450 1503 non
1472 1437 1674 1524 potest
1697 1432 1858 1502 illud
1885 1432 2248 1524 permittere
2282 1483 2300 1511 ‚

295 1549 408 1611 aut
444 1563 657 1612 creare
695 1540 1032 1611 hominem
1075 1563 1229 1612 eum
1261 1542 1672 1611 inclinatione
1701 1537 1785 1609 ad
1808 1539 1969 1608 illud
2001 1540 2302 1608 commit-

292 1652 586 1721 tendum.
630 1648 814 1728 Sicut
848 1652 1026 1720 enim
1054 1672 1285 1742 corpus
1310 1648 1635 1717 infinitum
1688 1668 1881 1714 omne
1929 1668 2160 1738 corpus
2195 1669 2299 1715 ex-

288 1757 549 1827 cludere
577 1810 595 1837 ,
642 1746 719 1826 et
749 1758 921 1828 calor
945 1758 1232 1827 infinitus
1265 1755 1501 1846 ubique
1523 1778 1589 1824 se
1618 1753 1970 1824 diffundere
2001 1753 2298 1829 deberet,

289 1867 376 1933 ita
442 1866 740 1935 sanctitas
788 1864 907 1935 Dei
958 1865 1153 1960 ,debet
1201 1863 1534 1933 excludere
1577 1884 1772 1931 omne
1812 1867 2150 1954 peccatum
2174 1911 2196 1946 ,
2245 1866 2301 1932 et

291 1971 529 2064 ubique
559 1973 829 2042 diffundi
855 1977 942 2043 ita
960 2026 985 2055 ,
1019 1979 1093 2044 ut
1114 1973 1280 2041 nihil
1303 1972 1425 2040 nisi
1453 1978 1747 2041 sanctum
1774 1969 2028 2040 existat..

375 2153 459 2227 R.
492 2149 571 2226 ’6.
597 2159 747 2225 Ant.
776 2163 840 2224 et
867 2156 951 2226 D.
981 2154 1080 2224 lm
1110 2158 1323 2225 mevnb.
1359 2156 1540 2223 Cone.
1564 2154 1715 2224 Non
1738 2161 1939 2247 potest
1959 2155 2134 2227 Deus
2153 2180 2308 2249 pee-

281 2269 505 2331 catum
525 2267 876 2354 permittere
895 2316 915 2343 ,
950 2265 996 2331 i.
1032 2286 1091 2332 e.
1123 2265 1274 2332 dare
1302 2264 1624 2332 licentiam
1643 2263 1805 2332 illud
1829 2266 2299 2344 committendi3

278 2372 364 2467 ⁶C.
403 2374 579 2452 Cous,
611 2373 657 2441 i.
694 2395 755 2441 e.
788 2392 923 2441 non
951 2376 1153 2463 potest
1198 2371 1591 2440 existentiam
1634 2374 1770 2462 ejus
1808 2374 2141 2444 efficaciter
2172 2397 2305 2444 non

279 2478 590 2569 impedire
611 2528 633 2558 ,
666 2483 755 2549 N.
788 2480 967 2547 Cons.
1001 2478 1170 2547 Nam
1198 2481 1269 2548 vi
1298 2481 1646 2547 sanctitatis
1670 2527 1690 2560 ,
1722 2503 1866 2570 quae
1894 2488 1987 2550 est
2007 2506 2182 2549 amor
2205 2507 2307 2551 or-

284 2588 462 2654 dinis
485 2589 821 2655 essentialis
842 2638 859 2666 ,
895 2585 1069 2656 Deus
1092 2589 1313 2678 nequit
1334 2592 1666 2678 peccatum
1695 2610 1912 2658 amare
1939 2591 2044 2659 vel
2064 2613 2306 2682 appro-

279 2693 437 2761 hare
510 2694 618 2783 vel
670 2699 1085 2764 commissum
1139 2702 1202 2762 et
1246 2718 1381 2764 non
1420 2698 1864 2782 {emendatum
1915 2699 2307 2791 impunitum

278 2800 645 2890 relinquere
672 2828 689 2871 t
740 2805 915 2892 atqui
939 2801 1359 2893 permittendo
1380 2809 1714 2893 peccatum
1735 2850 1757 2882 ,
1786 2797 2119 2896 prepterea
2143 2807 2304 2876 illud

279 2927 415 2975 nec
446 2915 620 2977 amat
642 2960 664 2990 ,
722 2933 844 2978 nec
893 2909 1239 3001 approbat,
1286 2908 1397 2976 sed
1436 2909 1685 2975 infinito
1726 2910 1868 2999 odio
1918 2935 2304 3003 prosequens

277 3016 542 3105 aeternis
571 3018 761 3086 etiam
791 3017 996 3110 poenis
1023 3016 1209 3106 punit
1231 3064 1253 3103 ‚
1293 3020 1366 3082 ut
1405 3014 1562 3083 adeo
1588 3022 1922 3106 peccatum
1961 3040 2154 3088 omne
2175 3022 2302 3091 im-

277 3122 599 3212 pediendo
651 3127 859 3215 majus
908 3125 1078 3194 illius
1138 3124 1358 3193 odium
1414 3127 1835 3195 manifestare»
1870 3150 2005 3196 non
2054 3139 2298 3220 posset;

278 3251 554 3324 crgoe...
613 3231 779 3301 Dein
824 3237 914 3309 N.
966 3232 1098 3301 llum
1139 3238 1351 3305 memb.
1407 3237 1587 3304 Cous.
1641 3233 1974 3315 inclinatio
2003 3237 2180 3306 enim
2223 3240 2305 3307 ad

277 3336 534 3406 malum
558 3362 694 3409 non
718 3348 809 3408 est
841 3343 974 3431 ipsa
994 3365 1071 3409 ex
1098 3344 1329 3411 natura
1359 3344 1477 3412 sua
1515 3343 1707 3421 mala,
1737 3364 1857 3410 nec
1892 3344 2298 3416 invincibilis.

221 3522 222 3525 Ἴ
278 3442 672 3535 Undequoad
706 3461 839 3522 rat.
866 3452 1092 3516 allatas
1118 3452 1212 3520 N.
1237 3474 1386 3539 par.
1439 3451 1670 3540 Corpus
1700 3452 1875 3518 enim
1910 3455 1972 3517 et
2005 3454 2175 3517 calor
2197 3456 2301 3519 in-

279 3554 503 3642 finitus
519 3576 597 3622 ex
618 3558 846 3625 natura
860 3558 974 3624 sua
998 3560 1345 3626 necessario
1362 3560 1526 3625 illud
1545 3557 1626 3627 ob
1644 3557 2301 3646 impenetrabilitatem
2346 3609 2352 3617 -

279 3683 482 3731 omne
523 3662 697 3732 aliud
732 3686 961 3756 corpus
982 3667 1361 3746 excluderet,
1400 3668 1504 3735 hie
1529 3666 1763 3756 ubique
1793 3685 1860 3734 se
1882 3664 2258 3737 diffunderet
2278 3722 2296 3740 .

281 3775 382 3838 ast
423 3767 596 3840 Deus
617 3821 639 3851 ‚
687 3773 833 3841 licet
865 3799 907 3841 a
927 3799 987 3841 se
1021 3779 1349 3845 necessario
1380 3797 1574 3845 omne
1602 3778 1934 3867 peccatum
1977 3776 2296 3862 excludat,

283 3882 361 3951 in
403 3884 701 3983 creatyris
725 3890 940 3953 tamen
968 3883 1127 3953 illud
1164 3887 1345 3954 libere
1368 3889 1575 3968 potest
1597 3884 1982 3976 permittere.
