2988 4832
1204 486 1334 560 283

381 610 574 787 PrRIb.
599 610 777 683 Min:
800 604 996 701 'Atqui
1025 609 1174 681 tatio
1210 615 1315 682 lem
1346 616 1562 704 arquis
1600 569 1944 706 supremum
1981 610 2293 703 leqaeslato-

290 736 445 788 rem&
538 738 649 786 am

378 893 443 964 1⁶
471 885 606 964 Lex
634 897 1009 970 universalis
1031 903 1096 967 et
1122 897 1404 969 absoluta
1425 950 1441 980 ,
1486 902 1958 992 potentissimos
1986 919 2294 995 quosque.

285 1026 420 1073 non
441 997 658 1073 minus
682 1001 944 1097 pronS.
994 1028 1192 1098 quam
1218 997 1541 1099 improbos
1561 1058 1585 1089 ‚
1626 1007 1975 1077 reluctante
2005 1009 2153 1078 licet
2176 1032 2294 1078 vo-

288 1108 528 1183 luntate
571 1109 967 1204 adstringens
1032 1136 1153 1181 nec
1198 1114 1589 1184 existentiam
1633 1137 1756 1184 nec
1798 1114 1938 1182 vim
1985 1113 2294 1207 obligato-

284 1218 450 1286 riam
493 1217 729 1287 habere
774 1222 1011 1309 potest,
1061 1220 1184 1289 nisi
1210 1241 1248 1289 a
1272 1221 1625 1312 legislatore
1664 1220 1968 1292 omnibus
1995 1215 2297 1292 humanis

282 1322 753 1415 legislatoribus
809 1330 872 1394 et
914 1327 1210 1396 anteriori
1261 1334 1326 1395 et
1366 1327 1675 1420 superiori
1699 1378 1720 1409 ,
1792 1330 1904 1419 qui
1945 1327 2016 1397 in
2073 1351 2298 1399 omnes

277 1431 578 1510 homines
601 1454 934 1502 summum
960 1433 1192 1518 habeat
1211 1434 1556 1525 imperium
1579 1441 1643 1504 et
1669 1435 2028 1505 dominium
2059 1460 2076 1504 z
2108 1437 2299 1526 atqui

277 1538 390 1609 hic
431 1538 748 1631 legislator
776 1540 996 1632 nequit
1027 1562 1158 1611 esse
1179 1591 1201 1620 ,
1248 1542 1369 1609 nisi
1414 1540 1619 1625 Deus;
1653 1565 1807 1634 ergo
1851 1543 2052 1611 existit
2093 1541 2291 1612 Deus·

276 1641 368 1714 Et
399 1667 555 1716 vero

370 1791 447 1862 2·
487 1791 621 1862 Lex
656 1795 796 1863 haec
838 1815 957 1862 nec
995 1795 1078 1862 ab
1113 1793 1485 1863 hominihus
1531 1795 1813 1864 instituta
1836 1799 1932 1864 est
1955 1846 1974 1875 ,
2025 1816 2177 1863 cum
2206 1815 2298 1864 sc-

270 1907 402 1969 cus
443 1919 590 1969 cam
627 1906 702 1971 ut
737 1903 1098 1980 instituere,
1147 1895 1234 1971 ita
1258 1908 1322 1971 et
1353 1902 1607 1971 abolere
1651 1909 1907 1994 possent
1935 1897 1953 1971 ξ
1982 1902 2300 1993 quemad-

277 2005 560 2078 modum
599 2009 771 2099 leges
803 2009 1095 2100 positivas
1139 2027 1256 2102 pro
1289 2010 1587 2079 varietate
1625 2015 1988 2100 temporum
2025 2015 2088 2077 et
2136 2008 2302 2079 cha·—

273 2123 602 2186 racterum
621 2117 778 2188 alias
802 2107 1151 2212 immutant
1168 2167 1191 2194 .
1230 2115 1386 2185 alias
1415 2114 1696 2186 abolent.
1738 2114 1800 2184 N
1800 2135 1875 2186 ec
1900 2116 2091 2183 etiam
2121 2136 2163 2184 a
2193 2135 2302 2184 ra·

274 2226 455 2294 tione
483 2224 706 2294 oritur.
743 2222 924 2293 Ratio
956 2223 1131 2292 enim
1164 2245 1298 2292 non
1327 2224 1476 2293 facit
1499 2229 1715 2292 actum
1753 2223 2000 2291 bonum
2032 2222 2137 2290 vel
2161 2242 2301 2290 ma-

271 2333 422 2405 lum
447 2349 474 2412 .·
517 2331 630 2401 sed
667 2336 919 2401 tantum
941 2333 1237 2425 percipit3
1273 2331 1453 2401 unde
1485 2332 1541 2400 si
1578 2336 1756 2401 actus
1793 2352 1929 2400 non
1959 2330 2040 2398 sit
2061 2329 2297 2398 intrin-

270 2458 421 2510 sece
461 2440 671 2510 honus
712 2442 818 2510 vel
847 2441 1055 2511 malus
1072 2490 1093 2521 ‚
1138 2441 1303 2508 nihil
1330 2440 1611 2521 obesset,
1660 2440 1821 2531 quin
1847 2438 2006 2507 ratio
2035 2456 2189 2507 cum
2220 2437 2290 2506 in

175 2582 184 2595 ι
265 2572 340 2619 se
360 2542 829 2619 indifferentem
848 2552 1238 2642 agnosceret.
1264 2546 1429 2618 Dein
1443 2548 1604 2617 ratio
1627 2545 1710 2617 ad
1731 2568 2063 2617 summum
2083 2551 2301 2638 posset

268 2653 587 2724 inducere
642 2655 1088 2747 obligationem
1139 2656 1487 2746 quamdam
1535 2652 1990 2748 speculativam
2031 2658 2097 2723 et
2132 2671 2295 2723 con-

262 2760 616 2852 gruentiae,
655 2785 789 2832 non
816 2783 969 2834 vero
1012 2764 1354 2854 practicam
1377 2809 1401 2844 ‚
1448 2767 1514 2831 et
1561 2764 1667 2833 cui
1709 2762 1830 2833 sub
1876 2760 2072 2854 poena
2097 2756 2288 2831 malm

264 2866 677 2957 conscientiae
700 2869 899 2937 homo
940 2869 1365 2960 adstringatur
1390 2898 1407 2948 ;
1457 2891 1611 2960 ergo
1636 2870 1741 2939 lex
1764 2869 1905 2939 haec
1943 2869 2292 2939 necessario

266 2973 478 3055 oritur
505 2997 546 3044 a
573 2970 709 3044 Deo
734 3028 751 3055 ,
795 2975 1075 3066 adeoque
1102 2976 1303 3043 existit
1328 2974 1529 3047 Deus·

363 3134 592 3207 Senot.
642 3134 796 3204 Haec
825 3136 904 3205 de
938 3134 1059 3203 Dei
1102 3136 1423 3205 existentia
1459 3135 1682 3205 dixisse
1714 3135 1962 3214 sufficit,
2000 3138 2074 3202 ut
2103 3132 2294 3202 lucu·

261 3243 483 3315 lenter
514 3249 750 3335 pateat,
801 3240 1058 3312 nullum
1090 3266 1221 3312 esse
1254 3259 1423 3312 sanoe
1468 3245 1731 3322 mentis,
1782 3243 1894 3335 qui
1921 3241 2133 3311 Deum
2162 3262 2293 3308 esse

262 3351 444 3421 serio
486 3372 721 3442 negare
756 3353 970 3442 possit.
1007 3349 1275 3441 Egregie
1313 3352 1488 3418 enim
1525 3351 1608 3418 ad
1642 3351 1949 3418 hactenus
1978 3347 2143 3417 dicta
2170 3369 2296 3438 ap*
2350 3402 2357 3407 .

262 3458 620 3553 plicantur,
658 3476 801 3550 qum
835 3459 1053 3529 Cicero
1092 3458 1170 3526 de
1200 3457 1582 3528 divinatione
1619 3457 1700 3549 (1)
1738 3456 2014 3537 disserit3
2061 3460 2147 3524 ita
2175 3476 2297 3524 au-

263 3570 408 3636 tem
434 3566 627 3636 habet
659 3592 677 3636 z
716 3569 885 3648 Quid
907 3578 991 3634 est
1017 3567 1237 3651 igitur,
1273 3590 1385 3634 cur
1421 3566 1827 3634 dubitandum
1853 3567 1960 3642 sit,
1994 3566 2143 3652 quin
2162 3565 2294 3631 sint

264 3700 370 3755 ea,
404 3690 535 3766 quae
566 3674 899 3768 disputavi,
930 3674 1247 3746 verissima
1262 3700 1289 3757 ,·
1314 3677 1374 3744 si
1396 3670 1564 3746 ratio
1589 3694 1815 3744 mecum
1829 3671 2013 3760 [acic.
2048 3675 2106 3743 si
2125 3690 2296 3744 even*-

340 3900 416 3968 (ι)
442 3898 888 3968 Lib.1.Cap.29.
