2988 4832
1492 458 1579 527 12

522 582 680 653 dum
705 575 916 662 esset:
958 570 1054 649 vel'
1068 572 1348 672 'corpora
1378 574 1505 647 alia
1530 576 1615 647 ab
1642 576 1781 648 aliis
1819 599 1936 671 per
1981 577 2213 653 seriem
2246 580 2351 652 vel
2397 584 2540 653 cir-
2594 656 2599 664 ,

521 692 743 760 culum
766 687 1229 783 impulsionum
1247 684 1580 758 infinitum
1602 692 1858 758 motum
1893 688 2210 781 accepisse
2257 684 2372 759 aut
2419 690 2538 763 sibi

520 803 745 868 mutuo
783 796 1021 867 dedisse
1045 847 1066 875 .
1112 796 1208 864 vel
1257 795 1585 866 mundum
1609 794 1834 888 ‘ipsum
1872 818 1992 890 per
2035 795 2309 867 modum
2343 799 2540 869 unius

519 913 769 977 motum
795 928 928 975 esse
954 904 1040 974 ab
1064 907 1305 974 aeterno
1330 908 1666 996 propterea
1690 955 1708 983 ‚
1760 903 1937 996 quod
1977 903 2077 974 vis
2122 906 2359 976 motrix
2392 929 2538 976 ma·-
2593 990 2598 991 γ

519 1015 690 1084 teriae
711 1015 790 1082 sit
811 1005 1152 1082 essentialis
1184 1036 1205 1083 z
1257 1013 1437 1102 atqui
1465 1016 1774 1081 neutrum
1801 1011 1930 1083 dici
1946 1016 2151 1091 potest
2179 1035 2531 1116 ;·.erg0.....

599 1149 997 1221 Proh-Min.
1027 1169 1146 1242 per
1171 1153 1383 1240 partes
1405 1197 1425 1228 ,
1459 1152 1528 1217 et
1548 1147 1818 1240 quidem

601 1272 665 1364 a)
686 1274 837 1342 Dici
853 1275 1062 1364 nequit
1081 1325 1102 1354 ‚
1150 1294 1408 1364 corpora
1435 1276 1574 1343 alia
1594 1276 1671 1344 ab
1692 1276 1844 1343 aliis
1873 1277 1999 1344 sive
2013 1298 2132 1366 per
2158 1277 2374 1345 seriem
2405 1280 2534 1347 sivo

512 1405 622 1472 per
647 1384 945 1450 circulum
975 1384 1297 1472 infinitum
1316 1394 1482 1450 mota
1509 1384 1720 1470 fuisse.
1751 1372 1923 1454 Nam
1948 1383 2009 1475 1)
2032 1390 2539 1476 esset'numerus

521 1489 978 1583 impulsionum
1022 1496 1085 1558 et
1106 1489 1262 1558 hinc
1285 1495 1580 1558 motuum
1601 1491 1887 1560 infinitus
1908 1542 1927 1571 ,
1955 1491 2157 1584 {quod
2193 1498 2536 1584 repugnat.

523 1598 586 1690 2)
609 1596 880 1668 Daretur
900 1596 1158 1665 effectus
1178 1597 1416 1687 absque
1445 1597 1661 1666 causa.
1709 1595 1789 1673 In
1814 1597 1930 1666 tali
1956 1600 2135 1667 enim
2165 1600 2407 1670 circulo
2430 1599 2541 1670 vel

520 1705 678 1777 serie
708 1704 888 1773 nulla
909 1709 1069 1773 esset
1088 1703 1298 1794 prima
1330 1708 1394 1772 et
1416 1703 1704 1774 absolute
1727 1705 2055 1774 sufficiens
2076 1728 2267 1775 causa
2285 1707 2530 1786 motus,

521 1834 672 1881 cum
701 1811 907 1900 quivis
955 1816 1168 1879 motus
1222 1832 1481 1880 causam
1527 1810 1629 1881 sui
1667 1810 1933 1881 haberet
1971 1812 2045 1880 in
2093 1813 2482 1903 praecedenti
2514 1841 2533 1884 z

410 1994 419 1999 „
523 1921 696 2010 atqui
718 1920 849 1989 hoc
872 1917 1120 1988 sublata
1144 1921 1334 1989 causa
1359 1920 1571 2011 prima
1605 1919 2027 2010 motusaeque
2069 1925 2433 2012 repugnat,
2462 1943 2543 1992 ac

522 2029 711 2099 series
725 2027 831 2097 vel
854 2027 1132 2097 circulus
1154 2027 1404 2098 entium
1440 2026 1526 2096 ab
1568 2026 1695 2109 alio
1734 2024 1977 2120 absque
2001 2030 2173 2098 ,ente
2214 2051 2274 2097 a
2299 2051 2361 2096 se
2400 2027 2485 2122 (1)
2514 2056 2538 2112 ς

521 2159 674 2228 ergo
682 2188 813 2209 .....

596 2272 655 2365 ὀ)
697 2276 849 2342 Deci
892 2278 1099 2364 nequit
1117 2326 1141 2357 ,
1188 2275 1415 2342 mundo
1440 2274 1551 2340 vel
1598 2273 1872 2369 materiae
1899 2272 2043 2340 vim
2082 2283 2391 2343 matricem
2416 2296 2538 2343 esse

518 2384 903 2457 essmialem.
946 2382 1116 2454 Nam
1146 2383 1204 2475 1)
1236 2382 1305 2453 id
1331 2403 1465 2451 non
1505 2386 1598 2451 est
1639 2381 1966 2451 essentiale
2013 2381 2295 2452 materiae
2321 2434 2342 2463 ,
2396 2383 2541 2454 sine

522 2511 646 2582 :luo
666 2492 930 2561 materia
949 2492 1198 2584 concipi
1221 2495 1425 2582 potest
1455 2514 1475 2559 ε
1509 2489 1686 2579 atqui
1709 2489 1972 2556 materia
1999 2487 2239 2579 absque
2265 2489 2445 2559 motu
2475 2497 2543 2560 et

518 2601 582 2669 vi
612 2599 875 2669 motrice
898 2600 1147 2691 concipi
1172 2602 1415 2688 potest3
1450 2616 1605 2686 ergo
1610 2644 1748 2666 .....
1782 2592 1846 2685 2)
1870 2592 2100 2665 Omnis
2129 2600 2393 2668 materia
2440 2598 2541 2668 in-

520 2704 717 2777 cludit
732 2705 805 2775 in
825 2729 941 2778 suo
966 2711 1278 2798 conceptu
1304 2705 1603 2774 inertiam
1635 2702 2007 2795 (carentiam
2042 2705 2254 2774 omnis
2279 2711 2541 2798 sponta-

517 2816 783 2908 neitatis)
830 2823 893 2885 et
931 2816 1354 2908 passivitatem
1377 2863 1397 2894 ,
1443 2812 1574 2902 qua
1611 2832 1843 2902 corpus
1883 2812 2215 2903 quiescens
2256 2813 2543 2886 moventi

517 2937 604 3005 ita
620 2935 886 3015 resistit,
911 2938 987 3003 ut
1012 2953 1129 3023 pro
1162 2930 1339 3002 varia
1369 2928 1559 3000 molis
1576 2926 1913 2999 movendae
1942 2934 2005 3000 et
2030 2929 2377 3031 velocitatis
2396 2953 2544 3023 pro·

519 3040 822 3111 ducendoe
840 3040 1082 3108 ratione
1112 3038 1307 3107 etiam
1325 3038 1503 3106 varia
1537 3041 1603 3104 et
1636 3035 1901 3126 quidem
1923 3039 2396 3130 proportionata
2444 3039 2544 3112 vis

520 3139 785 3220 movens
793 3148 1152 3242 requiratur
1175 3172 1194 3216 t
1221 3148 1398 3238 atqui
1414 3146 1557 3215 talis
1574 3145 1800 3216 inertia
1817 3145 2100 3216 excludit
2118 3166 2385 3217 omnem
2400 3146 2541 3218 vim

518 3267 848 3337 motriccm
872 3315 892 3345 .
923 3272 1137 3356 utpote
1165 3266 1303 3334 vim
1325 3264 1739 3335 intrinsecam
1776 3286 1845 3333 se
1886 3264 2102 3355 ipsum
2123 3286 2201 3333 ex
2235 3285 2371 3335 uno
2397 3263 2543 3338 loco

517 3373 597 3441 ad
633 3374 830 3444 alium
871 3371 1335 3456 transferendi3
1388 3393 1543 3465 ergo
1586 3372 1683 3443 vis
1722 3370 1956 3440 motrix
1997 3371 2280 3440 materiae
2330 3373 2543 3446 inesse

519 3502 651 3549 non
668 3483 893 3571 potest.
924 3477 1069 3549 Duo
1089 3481 1265 3549 enim
1288 3478 1771 3551 contradictoria
1787 3476 1995 3548 eidem
2021 3478 2319 3570 subjecto
2334 3479 2543 3552 inesse

518 3592 843 3678 nequeunt
878 3613 896 3657 z
928 3589 1105 3679 atqui
1130 3589 1359 3659 inertia
1379 3595 1444 3659 et
1476 3590 1576 3660 vis
1598 3586 1831 3657 moti-ix
1852 3593 2003 3657 sunt
2023 3585 2154 3657 duo
2187 3579 2544 3662 contradic-

520 3694 675 3766 toria
703 3715 780 3765 ex
808 3693 1030 3781 dictis;
1075 3718 1281 3792 ergo..
1411 3696 1490 3792 [3)
1526 3695 1819 3787 Denique
1849 3695 1945 3766 vis
1986 3695 2219 3766 motrix
2257 3694 2537 3775 materiae

580 3906 650 3973 (1)
678 3907 842 3963 Ontol.
868 3907 1001 3962 Part.
1025 3909 1089 3962 11.
1114 3909 1242 3963 Sect.
1267 3915 1314 3961 3.
1346 3909 1467 3974 cap.
1493 3911 1544 3961 1.
1571 3906 1693 3974 Peg.
1727 3910 1821 3960 2⁵6
1852 3910 1905 3960 et
1923 3920 2060 3972 seqq.
