2988 4832
283 601 689 694 perveniamus
708 604 798 676 ad
815 600 1020 675 ideam
1039 611 1412 688 smmlem:
1449 606 1942 702 respondeamus
1958 659 1976 691 ‚
2006 626 2273 705 respon-

287 710 427 781 dcrc
449 711 641 782 simul
670 715 863 783 etiam
889 715 1197 806 oportebit
1233 715 1316 784 ad
1344 716 1689 787 secundam
1717 744 1733 786 ε
1760 715 2043 808 quomodo
2062 740 2276 809 perve-

286 820 518 888 niamus
552 821 638 886 ad
658 821 858 888 ideam
879 823 1240 912 simpliciter
1254 848 1284 903 ‚-
1311 823 1545 915 quibus
1574 823 1896 917 explicatis
1918 826 2098 894 facile
2117 827 2274 897 fluet

285 928 594 1018 responsio
619 926 704 997 ad
753 929 1003 997 tertiam
1040 931 1453 1020 quaestionem
1477 957 1499 1000 ε
1531 933 1818 1020 quomodo
1856 935 2274 1022 perveniamus

284 1034 364 1100 ad
382 1048 685 1125 conceptus
715 1035 928 1104 stricte
965 1036 1202 1119 dictos;
1231 1059 1385 1108 cum
1427 1037 1501 1109 hi
1520 1060 1643 1131 ‘per
1671 1038 2153 1119 abstractionem
2194 1062 2276 1113 ex

285 1137 428 1210 ideis
452 1142 847 1214 sensualibus
874 1145 1263 1215 formentur.

357 1289 478 1361 Ast
494 1293 618 1362 alia
635 1293 892 1385 insuper
907 1294 1167 1385 quaestio
1187 1295 1417 1365 nostris
1436 1295 1830 1388 temporibus
1860 1300 2101 1370 summi
2123 1320 2268 1371 mo-

280 1399 474 1468 menti
497 1399 606 1469 hic
633 1400 1031 1469 annectenda
1059 1407 1192 1482 cst;
1235 1401 1566 1481 videlicet,
1601 1402 1921 1494 quomodo
1944 1406 2102 1475 scire
2132 1429 2276 1498 pos-

284 1507 473 1578 simus
497 1561 514 1588 ,
550 1508 794 1599 objecta
825 1508 1262 1603 cognitionum
1298 1516 1663 1579 nostrarum
1710 1510 2215 1603 independenter
2239 1537 2280 1584 a

284 1619 487 1686 nostra
532 1617 892 1707 cognitione
942 1621 1007 1685 et
1036 1620 1210 1684 extra
1241 1621 1531 1685 mentem
1566 1622 1850 1687 nostram
1887 1617 2123 1687 habere
2162 1642 2277 1686 esse

285 1724 530 1816 aliquod
564 1724 896 1817 proprium
913 1773 935 1803 ‚
968 1728 1033 1792 et
1062 1721 1250 1813 quale
1277 1723 1385 1790 Ιιοσ
1411 1745 1530 1790 esse
1552 1723 1673 1804 sit,
1705 1745 1818 1792 seu
1845 1725 1987 1794 aliis
2014 1725 2220 1795 verbis
2252 1751 2274 1797 ε

284 1831 592 1921 quomodo
638 1829 895 1923 probari
949 1829 1142 1922 possit
1198 1829 1489 1916 objectiva
1540 1831 1796 1899 realitas
1866 1832 2273 1921 coquitionum

285 1949 655 2007 nostrarum.
680 1934 893 2027 Atque
918 1934 1060 2006 haec
1081 1940 1175 2003 est
1196 1935 1489 2024 quaestiO‚
1517 1957 1662 2027 quae
1695 1937 1889 2005 simul
1912 1960 2065 2007 cum
2084 1939 2279 2032 priori

286 2043 357 2113 de
380 2044 626 2136 origine
671 2043 1110 2135 cognitionum
1160 2047 1525 2112 nostrarum
1548 2063 1778 2113 ansam
1817 2041 1988 2113 dedit
2025 2045 2279 2137 pericu-

281 2148 593 2222 losissimis
629 2157 993 2223 nostrorum
1021 2155 1387 2240 temporum
1417 2149 1856 2238 systematihus
1869 2200 1891 2230 ‚
1928 2171 2082 2218 cum
2106 2171 2184 2220 ex
2201 2151 2280 2220 ea

281 2259 439 2328 male
462 2259 668 2328 soluta
686 2257 793 2329 vel
809 2257 881 2326 in
903 2256 1345 2349 empirismum
1366 2258 1430 2324 et
1449 2276 1530 2324 ex
1555 2276 1631 2325 eo
1651 2256 1721 2324 in
1748 2255 2275 2343 materialismum

281 2372 338 2439 et
377 2366 763 2438 atheismum
783 2415 802 2448 .
845 2362 953 2436 vel
980 2364 1049 2432 in
1081 2358 1486 2432 idealismum
1512 2361 1645 2433 sive
1672 2360 2113 2454 subjectivum,
2148 2364 2278 2435 sive

277 2473 652 2567 objectivum
677 2494 792 2547 seu
806 2470 1286 2567 pantheismum
1312 2468 1703 2542 modernum
1727 2469 2009 2565 prolapsi
2028 2469 2158 2541 sint

352 2618 577 2714 Itaque
592 2620 663 2690 in
675 2619 802 2690 hoc
818 2617 1055 2713 Capite,
1067 2624 1142 2688 ut
1155 2623 1283 2690 tota
1298 2618 1542 2692 theoria
1556 2617 1949 2712 cognitionis,
1964 2622 2281 2712 quantum

277 2725 408 2798 fieri
423 2732 654 2821 potest,
672 2723 1005 2806 elucescat‚‘
1020 2727 1092 2794 in
1108 2727 1424 2818 originem
1451 2732 1516 2796 et
1535 2717 1907 2819 objectivam
1932 2724 2283 2795 realitatem

277 2833 714 2922 cognitionum
753 2838 1116 2903 nostrarum
1144 2834 1230 2902 ita
1257 2833 1658 2925 inquiremus
1680 2883 1697 2910 ‚
1732 2838 1805 2899 ut
1836 2831 2139 2902 distinctis
2167 2853 2279 2900 ar·-

279 2937 482 3007 ticulis
505 2938 535 3005 1
561 2937 582 3029 )
609 2937 689 3005 de
713 2938 955 3027 origine
983 2940 1413 3010 sensationum
1430 2990 1447 3018 ,
1484 2939 1564 3029 2)
1598 2936 1676 3005 de
1700 2937 1940 3027 origine
1960 2936 2269 3014 idearum,

275 3048 336 3111 et
366 3044 448 3140 3)
480 3056 560 3119 de
590 3043 899 3118 obiectiva
940 3045 1220 3116 realitate
1254 3046 1698 3139 cognitionum
1722 3048 2088 3151 nostrarum
2114 3063 2292 3138 aga-3·

277 3168 446 3223 mus.

936 3331 1321 3392 »inmensus
1354 3331 1632 3411 mnus·

877 3476 965 3542 De
1006 3476 1242 3567 oriqine
1274 3448 1707 3544 kemationum.

335 3645 338 3652 ’
368 3655 479 3725 74.
512 3653 792 3725 Existere
818 3674 921 3725 res
948 3655 1270 3726 sensibiles
1300 3676 1413 3727 seu
1438 3674 1704 3750 corpora
1752 3655 1927 3722 extra
1953 3668 2090 3730 nos,
2124 3669 2284 3741 prae-

253 3749 254 3754 ’
285 3769 377 3828 ter
416 3761 724 3832 idealistas
744 3783 937 3835 nemo
970 3768 1184 3854 negat.
1224 3763 1344 3838 Ast
1385 3763 1580 3835 etiam
1610 3761 1781 3831 inter
1804 3754 2299 3828 non-idealistas

284 3873 432 3936 sunt
447 3868 801 3958 philosophi
827 3869 1139 3940 ,nonnulli
1166 3922 1183 3941 .
1228 3871 1338 3961 qui
1377 3872 1646 3960 putant,
1699 3864 2081 3936 sensationes
2118 3885 2283 3935 nos-
