2988 4832
1350 533 1467 602 2:21

396 654 646 745 ,cipiunt
680 651 895 725 'omnis
944 651 1341 722 certitudinis
1391 673 1415 718 .-
1480 650 1741 743 quoestio
1781 652 1923 748 ⁴ista
1974 657 2175 722 soluta
2233 655 2413 724 esset.

416 762 636 853 Atqui.

503 899 581 973 B.
633 901 781 975 Idea
802 899 926 976 hoec
943 906 1258 996 analytica
1282 915 1369 974 est
1392 907 1532 974 idea
1559 906 1657 972 τοῦ
1681 931 1800 975 csse
1825 902 2206 995 simpliciter.
2227 899 2425 974 Nam-

416 1030 543 1100 que
571 1009 713 1082 hoec
744 1012 888 1082 idea.

503 1154 564 1247 a)
602 1157 744 1228 Non
758 1168 949 1247 potest
976 1181 1092 1226 esse
1113 1159 1428 1247 subjecti-cc
1446 1181 1613 1241 vera,
1640 1160 1790 1250 quin
1811 1160 2088 1249 objectiva
2107 1159 2296 1231 realis
2310 1162 2418 1228 sit.

360 1320 365 1321 ff
417 1262 671 1336 Etenim
711 1267 850 1335 idea
879 1280 975 1333 τοῦ
1017 1279 1136 1336 csse
1166 1269 1526 1358 simpliciter
1561 1274 1654 1338 est
1693 1271 1833 1337 idea
1874 1271 2029 1336 entis
2065 1293 2106 1336 a
2145 1292 2243 1350 se,·
2270 1290 2424 1338 cum

415 1395 606 1443 omne
625 1423 643 1452 ,
692 1374 865 1464 quod
905 1374 1258 1466 concipitur
1298 1399 1416 1444 csse
1455 1376 1535 1444 ab
1572 1377 1724 1454 alio,
1777 1398 1910 1447 non
1949 1376 2143 1468 possit
2175 1376 2424 1467 concipi

415 1483 771 1572 simpliciter
797 1504 914 1548 esse
935 1484 1122 1549 :idea
1153 1487 1369 1550 aulem
1400 1485 1555 1550 entis
1579 1505 1626 1570 a
1651 1506 1710 1549 se
1736 1482 2002 1551 involvit
2029 1484 2099 1551 in
2129 1504 2196 1552 se
2224 1485 2425 1552 ideam

415 1592 571 1657 entis
593 1592 924 1659 realissimi
957 1589 1126 1681 (pag.
1161 1576 1315 1658 223.
1351 1598 1423 1656 11⁰
1454 1588 1587 1679 27);
1627 1591 1766 1657 idea
1789 1610 1942 1658 vero
1964 1592 2118 1657 entis
2146 1594 2424 1661 realissi·

413 1698 507 1763 mi
533 1696 799 1766 involvit
822 1696 894 1764 in
927 1717 995 1766 se
1016 1696 1312 1763 actualem
1330 1696 1717 1763 existentiam
1744 1695 1913 1787 (pag.
1943 1698 2074 1768 236
2100 1705 2162 1768 et
2190 1701 2420 1793 seqq.).

415 1803 587 1896 Ergo
616 1806 752 1872 idea
776 1818 872 1869 τοῦ
906 1825 1025 1871 cssc
1052 1803 1411 1893 simpliciter
1436 1802 1704 1873 involvit
1730 1803 1800 1870 in
1831 1825 1897 1872 se
1931 1810 2226 1893 actualem
2255 1811 2424 1876 exis-

417 1915 673 1981 tentiam
706 1932 820 1981 seu
861 1912 1212 1999 objectivam
1240 1912 1582 1977 realitatcm
1598 1934 1623 1990 ,-
1660 1909 1940 2001 adeoque
1971 1915 2093 1982 lzaec
2119 1918 2257 1983 idea
2300 1939 2426 1985 non

415 2030 600 2108 potest
642 2043 759 2086 csse
791 2019 1102 2107 subjective
1121 2040 1284 2098 vcra,
1319 2020 1467 2107 quin
1490 2020 1573 2085 sit
1596 2020 1874 2106 olq’ectivc
1895 2023 2104 2091 realis.
2136 2022 2253 2090 Ast
2284 2022 2423 2094 haec

426 2125 574 2194 idea
600 2125 791 2193 etiam

501 2255 560 2345 b)
606 2256 722 2324 Ex
767 2257 904 2344 ipsa
951 2256 1197 2344 analysi
1243 2255 1654 2342 coycti-'tionum
1691 2260 1990 2345 probatur
2040 2282 2159 2326 csse
2208 2283 2426 2331 norma

413 2367 612 2432 omnis
644 2365 1004 2451 coynitionis
1033 2375 1088 2431 ct
1107 2363 1490 2454 principium
1516 2365 1710 2430 omnis
1739 2367 2145 2435 certitudinis.
2178 2363 2423 2459 Nempe

413 2495 636 2541 norma
676 2474 870 2540 omnis
899 2473 1261 2560 cognitionis
1293 2470 1483 2539 ctiam
1522 2471 2081 2541 transcendentalis
2111 2478 2174 2540 ct
2204 2494 2426 2541 neces-

414 2580 617 2660 sarioe,
649 2586 712 2648 et
735 2580 1118 2670 principium
1158 2577 1353 2645 omnis
1392 2581 1778 2646 certitudinis
1811 2584 1904 2648 cst
1942 2581 2151 2672 ipsum
2183 2582 2428 2670 princi-

405 2689 587 2778 pium
608 2688 1102 2756 contradictionis
1140 2707 1252 2755 seu
1291 2685 1432 2755 idea
1457 2684 1562 2755 vel
1584 2688 1777 2764 notio,
1822 2690 1984 2754 nihil
1999 2712 2167 2779 posse
2189 2713 2306 2779 csse
2326 2691 2428 2757 si-

413 2798 544 2861 mul
575 2808 631 2862 et
667 2818 790 2862 non
824 2819 940 2863 csse
966 2796 1133 2886 (pag.
1159 2794 1311 2874 211,
1347 2800 1499 2864 nota
1526 2795 1583 2885 1)
1610 2820 1626 2863 z
1654 2794 1829 2885 atqui
1851 2796 2238 2888 principium
2260 2822 2428 2868 con-

413 2902 799 2971 tradictionis
830 2925 941 2971 seu
963 2902 1104 2970 idea
1125 2902 1243 2969 ista
1269 2926 1286 2969 ε
1314 2902 1478 2968 nihil
1488 2925 1658 2992 posse
1688 2926 1804 2969 esse
1833 2905 2019 2971 simul
2046 2918 2102 2972 et
2122 2930 2247 2973 non
2263 2933 2379 2975 csse
2397 2933 2420 2977 .·

414 3022 501 3077 cst
535 3013 671 3101 ipsa
707 3014 843 3079 idea
875 3029 970 3080 τοῦ
1013 3033 1129 3077 esse
1164 3010 1524 3097 simpliciter
1555 3008 1675 3077 sub
1708 3010 1986 3079 sormulfi
2013 3012 2289 3102 qufidam
2319 3040 2424 3085 ex·

415 3147 631 3218 pressa
678 3122 853 3213 (Loq.
887 3122 1077 3197 Pur„
1121 3138 1271 3207 pag.
1315 3115 1446 3207 53).
1504 3114 1676 3207 Ergo
1728 3117 1868 3185 haec
1913 3118 2053 3187 idea
2093 3128 2204 3208 vest
2243 3124 2424 3194 nobis

418 3254 647 3302 norma
674 3229 882 3298 omnis
911 3225 1284 3319 cognitionis
1326 3231 1388 3292 et
1420 3225 1806 3317 principium
1844 3227 2053 3297 omnis
2097 3231 2427 3303 certitudi-

416 3341 541 3410 nis.
574 3338 657 3409 Et
681 3359 830 3407 vero

413 3583 425 3600 „
504 3502 821 3594 Quidquid
868 3502 1282 3592 concipimus,
1321 3502 1715 3593 concipimus
1751 3510 1823 3572 ut
1860 3528 2015 3585 esse,
2058 3513 2133 3577 ut
2168 3530 2418 3593 verum,

344 3699 347 3700 7
416 3619 488 3681 ut
507 3615 774 3703 justum,
813 3615 886 3678 ut
916 3608 1260 3701 pulchrum
1288 3614 1351 3677 et
1375 3609 1778 3700 hujusmodi;
1811 3615 2155 3704 etquidem
2182 3624 2256 3714 ut
2281 3642 2427 3691 ma-

416 3715 512 3810 gis
548 3718 654 3787 vel
693 3716 908 3786 minus
949 3737 1114 3795 esse,
1163 3718 1366 3807 magis
1408 3715 1515 3786 vel
1559 3718 1777 3787 minus
1830 3742 2094 3804 verum,
2135 3728 2419 3817 justum,

415 3826 763 3919 pulchrum
798 3832 920 3895 etc.
964 3826 1139 3916 atqui
1182 3826 1268 3894 ita
1306 3826 1638 3918 concipere
1674 3848 1809 3898 non
1847 3852 2217 3922 possumus,
2268 3839 2426 3930 quin

414 3934 716 4026 implicite
736 3934 1096 4025 Judicemus
1114 3983 1131 4011 ,
1169 3931 1330 4000 illud
1346 3984 1364 4013 ,
1413 3932 1588 4023 quod
1620 3936 2016 4027 concipimus
2033 3990 2053 4019 ,
2102 3964 2236 4014 esse
2266 3967 2426 4019 con-

414 4044 619 4115 forme
641 4093 660 4121 ,
709 4041 1056 4133 etquidem
1100 4040 1301 4132 magis
1349 4041 1452 4110 vel
1494 4039 1712 4115 minus
1756 4045 2083 4121 conforme
2127 4062 2200 4143 «ᾧ
2246 4073 2379 4126 esse
2401 4106 2422 4135 .
