2988 4832
1283 500 1431 575 361³

341 635 416 681 ex
458 611 636 682 dictis
674 613 744 682 in
789 617 932 683 ente
980 611 1226 683 infinito
1270 614 1402 682 sine
1432 612 1703 693 entitatis
1751 608 2100 687 mutatione
2119 611 2353 686 »varius

303 801 310 840 s
339 720 592 813 concipi
635 720 1031 813 aliquatenus
1059 726 1299 815 potest,
1341 727 1405 790 et
1446 723 1668 793 efficax
1717 721 2001 813 quidem.

426 870 521 939 D.
572 871 739 959 Maj.
788 870 984 959 quoad
1019 869 1129 939 2⁰¹³
1157 870 1366 937 memb.
1418 867 1635 940 Posset
1675 892 1778 940 res
1827 890 2024 940 novas
2073 866 2237 939 velle
2283 867 2355 935 in

337 982 625 1067 tempore
641 1028 661 1055 ‚
691 978 848 1067 quin
886 982 1282 1056 mutaretur,
1318 978 1569 1066 praecise
1606 979 1846 1046 ratione
1883 976 2358 1044 immutabilita-

336 1085 443 1162 tis,
494 1083 568 1155 C.
606 1085 771 1173 Μαί.
807 1083 1068 1155 Ratione
1092 1086 1452 1178 sapientiae.
1482 1086 1848 1154 constanti'ae
1871 1091 2023 1167 etc.‚
2060 1086 2149 1155 N.
2183 1085 2352 1170 Maj.

427 1222 588 1292 Inst.
634 1226 704 1291 4⁰
749 1222 1137 1294 Terminatio
1163 1278 1179 1306 ‚
1225 1231 1539 1318 quatenus
1569 1230 1664 1294 est
1707 1225 1907 1293 libera
1938 1276 1954 1303 ,
2010 1222 2195 1292 debet
2221 1220 2356 1290 Deo

339 1351 473 1399 esse
524 1331 818 1402 interna:
857 1334 1032 1424 atqui
1062 1357 1140 1402 ex
1181 1333 1362 1405 dictis
1401 1332 1763 1404 terminatio
1772 1366 1792 1422 χ
1808 1338 2061 1402 tantum
2104 1337 2358 1399 externe

342 1444 598 1529 sumpta
626 1444 786 1508 esset
823 1441 1022 1509 libera
1056 1463 1376 1532 :ago-...-

262 1585 290 1658 .’
326 1676 329 1679 A
429 1591 511 1663 R.
555 1593 644 1663 D.
686 1595 853 1681 Maj.
903 1592 1295 1663 Terminatio
1338 1603 1602 1671 concrete
1650 1600 1892 1682 sumpta
1910 1643 1933 1674 ‚
1981 1592 2029 1661 i.
2074 1613 2136 1661 e.
2180 1595 2363 1660 actus

342 1699 693 1768 terminans
737 1699 923 1768 debet
968 1700 1105 1770 Deo
1149 1723 1283 1769 esse
1322 1702 1615 1770 internus
1641 1752 1658 1780 ‚
1700 1702 1773 1793 C.
1801 1701 1967 1787 Maj.
2013 1697 2366 1768 Termina-

343 1807 431 1874 tie
474 1807 769 1875 abstracte
808 1820 1050 1897 sumpta
1078 1859 1095 1886 ‚
1145 1810 1235 1878 N.
1281 1811 1449 1897 Maj.
1498 1817 1562 1877 et
1589 1810 1746 1876 hinc
1784 1809 1951 1876 Min.
1996 1804 2147 1876 Non
2184 1809 2363 1901 enim

302 1996 308 2004 ι
344 1919 598 1981 tantum
639 1914 1000 1982 terminatio
1037 1914 1347 1983 abstracte
1368 1921 1625 2007 sumpta
1651 1918 1745 1983 est
1767 1915 1967 1983 libera
1991 1965 2026 1995 „
2051 1912 2162 1982 sed
2185 1920 2366 1982 actus

348 2019 506 2099 Dei,
543 2043 657 2089 seu
699 2044 998 2089 summum
1035 2045 1152 2089 esse
1190 2008 1460 2091 includit
1505 2023 1572 2090 in
1622 2044 1689 2090 se
1712 2073 1729 2101 ,
1781 2026 1853 2091 ut
1893 2023 2031 2091 sine
2064 2022 2164 2091 sui
2207 2043 2390 2090 mua*

349 2131 581 2196 tatione
613 2129 720 2197 vel
763 2129 931 2197 nova
967 2130 1322 2198 actuatione
1363 2128 1559 2220 possit
1601 2128 1945 2198 terminare
1992 2129 2063 2197 in
2099 2127 2225 2199 hoc
2262 2126 2371 2198 vel

347 2235 419 2304 in
458 2235 620 2305 illud
641 2288 665 2316 ‚,
714 2235 997 2326 adeoque
1037 2236 1289 2304 interne
1322 2235 1489 2304 velle
1535 2234 1661 2304 hoc
1691 2235 1822 2304 vel.
1844 2234 2028 2304 illud.

432 2379 562 2448 Sed
598 2378 741 2449 haec
793 2376 1015 2447 dixisse
1055 2379 1348 2449 sufficiat.
1378 2377 1647 2451 Modum
1671 2395 1885 2447 unum
1914 2377 2357 2457 ostendimus,

309 2483 313 2488 ’
351 2511 481 2579 quo
528 2485 1007 2558 immutabilitas
1053 2486 1174 2556 Dei
1219 2510 1374 2557 cum
1436 2489 1573 2579 ejus
1627 2488 1913 2556 libertate
1968 2481 2374 2557 concilietur.

350 2593 588 2675 Quodsi
635 2615 754 2662 nos
784 2595 1093 2663 imbecilli
1139 2602 1355 2665 nostro
1373 2596 1631 2687 ingenio
1659 2596 1941 2686 aliquem
1966 2596 2370 2685 aliquatenus

349 2702 618 2772 modum
647 2704 1102 2795 perspiciamus
1121 2702 1249 2794 duno
1274 2704 1414 2772 haec
1440 2703 1741 2772 attributa
1779 2693 1898 2771 sibi
1945 2709 2171 2772 mutuo
2204 2723 2392 2792 con-2

349 2809 608 2878 ciliandi
630 2862 647 2889 ‚
726 2810 951 2900 quidni
1015 2808 1188 2878 Deus
1213 2860 1232 2887 ,
1303 2813 1486 2901 cujus
1530 2811 1807 2899 {infinita
1862 2816 1957 2879 est
2022 2814 2326 2904 sapientia
2349 2865 2369 2893 ,

350 3059 529 3116 elai-ari
564 3061 738 3123 potest.
772 3056 970 3107 Etenim
1001 3058 1136 3107 actus
1164 3054 1365 3106 visionis
1386 3056 1600 3121 physicae
1624 3059 1754 3109 nihil
1782 3058 1956 3124 utique
1992 3072 2131 3112 novae
2160 3061 2377 3111 entitatis

351 3132 585 3198 acquirit,
611 3146 725 3182 cum
747 3144 808 3179 cx
842 3131 1033 3179 duobus
1064 3127 1268 3189 obJectis
1292 3130 1505 3190 perfecte
1530 3130 1773 3180 similibus
1795 3145 1955 3181 unum
1989 3128 2147 3193 potius
2169 3166 2186 3193 ,
2223 3145 2376 3192 quam

352 3201 566 3253 alterum
593 3203 734 3253 oculo
757 3200 1020 3251 exhibetur
1041 3232 1059 3261 ‚
1115 3198 1203 3248 sed
1225 3200 1431 3248 mutatio
1454 3202 1615 3250 omnis
1636 3205 1710 3250 est
1732 3202 1786 3251 in
1808 3202 2086 3253 diversitate
2109 3202 2371 3265 respectus,

350 3284 504 3333 quem
525 3275 642 3323 visio
661 3274 746 3323 illa
771 3286 820 3321 v.
842 3287 895 3335 g.
913 3284 1047 3320 nunc
1069 3271 1218 3320 habet
1235 3270 1286 3318 in
1308 3271 1366 3332 A,
1395 3273 1501 3321 loco
1526 3273 1578 3321 in
1601 3273 1679 3323 A’.
1710 3273 1796 3322 Est
1832 3277 1998 3323 tamen
2017 3274 2142 3338 frisio
2161 3274 2279 3332 illa,
2318 3276 2379 3323 ut

354 3360 469 3400 cum
486 3349 552 3403 D.
570 3346 761 3397 Thema
779 3348 973 3407 loquar,
992 3345 1054 3393 ad
1076 3344 1600 3407 utrumlibetadeoque
1631 3346 1892 3396 intrinsece
1913 3348 2089 3413 libera,
2111 3345 2227 3412 quia
2255 3346 2378 3395 dum

351 3420 551 3480 respicit
568 3420 611 3467 A
627 3453 644 3479 ‚
675 3419 745 3468 ita
765 3417 889 3468 illud
925 3415 1136 3479 respicit,
1165 3418 1221 3464 ut
1240 3418 1486 3476 respectus
1509 3416 1598 3466 iste
1622 3431 1722 3466 non
1745 3418 1808 3467 sit
1829 3417 2111 3467 ¹necessario
2140 3415 2192 3465 in
2216 3416 2260 3464 A
2300 3415 2383 3465 in·

354 3493 538 3554 tentus,
564 3492 648 3539 sed
683 3488 834 3551 possit
850 3486 956 3538 sine
980 3487 1251 3536 mutatione
1283 3487 1500 3537 entitatis
1535 3488 1825 3539 intrinsecae.
1846 3490 2087 3552 respicere
2123 3488 2273 3538 etiam
2302 3489 2380 3541 A’.
2435 3523 2439 3528 -

353 3558 483 3622 Ergo
523 3560 697 3610 entitas
724 3559 861 3608 istius
900 3556 1096 3606 visionis
1119 3556 1329 3620 physicae
1363 3557 1625 3609 intrinsece
1648 3560 1820 3609 eadem
1845 3563 2047 3622 manet,
2102 3559 2203 3608 sive
2226 3559 2381 3619 respi-

355 3630 455 3681 ciat
476 3632 537 3696 A,
558 3633 659 3680 sive
679 3632 756 3691 A’,
777 3628 894 3693 quia
912 3625 1203 3679 utrumlibet
1219 3627 1464 3691 respiciat,
1506 3629 1574 3679 ita
1596 3626 1887 3693 respiciunt
1908 3632 2117 3681 aiterum
2141 3630 2382 3693 respicere

353 3703 538 3762 valeat,
569 3715 688 3765 ergo
710 3703 812 3753 sive
832 3700 1059 3763 respiciat
1077 3699 1125 3749 A
1144 3700 1244 3750 sive
1264 3700 1320 3753 A·
1347 3714 1545 3765 semper
1576 3703 1725 3752 babet
1746 3702 2002 3752 entitatem
2034 3714 2136 3752 non
2160 3714 2384 3751 necessa·

354 3776 434 3829 rio
465 3776 521 3828 in
540 3776 584 3827 A
608 3775 768 3839 potius
785 3812 799 3840 ‚
824 3789 975 3839 quam
995 3774 1050 3825 in
1078 3773 1134 3827 A'
1158 3775 1503 3837 respicientem
1522 3812 1539 3837 ‚
1582 3774 1666 3825 sed
1690 3775 1752 3824 ad
1777 3773 2067 3825 utrumlibet
2092 3774 2389 3837 aequabilem

358 3846 580 3911 adeoque
606 3848 813 3900 liberam
830 3845 936 3902 sine
955 3847 1220 3900 intrinseca
1233 3847 1588 3919 potentialitate
1614 3847 1693 3898 vel
1725 3845 2057 3898 mutabilitate
2089 3846 2144 3896 iu
2161 3859 2249 3895 suo
2282 3856 2398 3899 esse.

358 3917 574 3971 interno.
627 3937 631 3941 ’
788 3983 789 3986 ¹
1118 3943 1121 3946 2

536 4014 584 4061 11
1126 4077 1134 4089 ἱ
1227 4022 1232 4028 ·
1948 3993 2019 4064 3³
