2988 4832
341 633 630 728 AEgypffi
646 644 686 715 :
720 630 1121 727 Pythagorici
1143 628 1227 726 (1)
1247 598 1603 713 &Sodates
1622 637 1686 703 et
1728 627 1907 704 Plato
1926 630 2018 727 (2)
2043 633 2082 715 ,2
2106 609 2356 726 'quibus

343 744 622 838 (excepta
648 747 866 812 tamen
893 738 1436 834 metempsychosi)
1467 742 1661 833 etiam
1689 740 1997 834 Origenes
2034 738 2117 836 (3)
2144 742 2357 814 adhae-

341 844 463 922 sit,
493 842 763 928 docuere
784 893 801 921 ‚
837 841 1084 923 animas
1102 839 1420 910 humanas
1445 841 1640 933 longe
1669 847 1818 912 ante
1845 841 2171 914 mundum
2196 839 2362 914 con-'

338 952 548 1020 ditum
580 956 818 1019 creatas
836 1001 859 1030 ,
897 948 1303 1042 postmodum
1322 954 1581 1042 propter
1599 949 1826 1041 prioris
1846 951 1991 1020 vitae
2023 950 2263 1021 scelera
2283 951 2355 1020 in

338 1080 608 1150 corpora
623 1063 930 1150 tanquam
955 1057 1025 1127 in
1050 1078 1331 1128 carceres
1354 1056 1637 1126 detrusas
1657 1057 1845 1127 fuisse
1872 1084 1889 1128 z
1912 1079 2142 1149 easque
2164 1109 2183 1137 ‚
2210 1081 2356 1151 quae

337 1166 536 1236 etiam
564 1167 635 1234 in
660 1166 786 1236 hoc
813 1168 977 1235 statu
1005 1189 1044 1235 a
1066 1163 1300 1235 scelere
1324 1186 1460 1237 non
1489 1164 1809 1235 abstinent
1838 1217 1856 1245 ,
1893 1166 1964 1233 in
1994 1166 2116 1234 alia
2142 1168 2357 1236 conti-

333 1295 477 1345 nuo
500 1273 822 1345 deterioris
850 1273 1225 1344 conditionis
1256 1294 1524 1367 corpora
1560 1275 1769 1343 statim
1802 1294 1841 1342 a
1872 1278 2078 1342 morte
2098 1273 2356 1343 immitti

335 1384 427 1453 ad
449 1384 814 1453 ulteriorem
837 1403 1095 1475 poenam
1114 1380 1446 1453 luendam.
1490 1382 1704 1473 Atque
1727 1382 1853 1451 hoc
1892 1387 1985 1450 est
2030 1383 2358 1454 somnium

333 1488 707 1581 multiplicis
759 1490 1325 1581 transmigrationis
1384 1486 1754 1559 animarum
1810 1489 1947 1558 sive
2006 1502 2359 1582 mtempsy-

337 1597 535 1663 chosis
558 1647 577 1675 ‚
622 1596 778 1666 adeo
825 1595 994 1688 apud
1037 1601 1277 1666 veteres
1323 1596 1680 1666 celebratae.
1702 1596 1716 1617 ⁸
1748 1594 1923 1663 Inter
1963 1598 2357 1665 recentiores

334 1703 575 1793 rejecta
597 1702 1123 1796 metempsychosi
1156 1705 1403 1773 animas
1426 1704 1511 1773 ab
1540 1703 1785 1794 origine
1830 1704 2025 1794 primi
2076 1704 2357 1773 hominis

334 1831 567 1880 omnes
582 1810 768 1881 aDeo
783 1817 1020 1882 creatas
1038 1814 1226 1882 fuisse
1247 1811 1458 1919 ¹‹Qiocuit
1474 1810 1883 1891 LeibnitziuS,
1911 1817 2103 1904 atque
2125 1811 2356 1883 exinde

333 1922 612 2015 systema
625 1917 982 1990 harmoniae
1004 1921 1420 2013 praestabilitae
1444 1919 1687 1997 effinxit
1717 1919 1828 2012 (4).

430 2041 680 2113 Verum
721 2044 860 2116 haec
906 2049 1270 2117 animarum
1320 2037 1404 2116 ab
1460 2049 1722 2138 antiquo
1778 2048 2008 2115 creatio
2061 2048 2358 2139 inprimis

335 2150 528 2220 nullo
556 2153 971 2225 fundamento
998 2157 1242 2226 nititur.
1283 2155 1579 2225 Rationes
1608 2161 1777 2224 certe
1795 2207 1815 2235 ,
1851 2155 2314 2248 quas-afferunt
2332 2210 2350 2235 ‚
2465 2151 2484 2170 ⁶

337 2258 585 2329 nullius
623 2263 935 2333 momenti
974 2269 1148 2333 sunt.
1199 2262 1369 2332 Nam
1390 2268 1455 2333 et
1476 2285 1816 2341 aerumnae‚
1854 2262 2086 2353 quibus
2116 2263 2353 2332 animae

338 2366 712 2457 corporibus
738 2368 985 2440 sociatae
1015 2368 1437 2461 subjiciuntur
1456 2423 1473 2451 ,
1522 2391 1657 2439 non
1700 2374 2208 2463 praesupponunt
2239 2391 2354 2462 per

337 2493 411 2541 se
450 2475 707 2566 culpam
736 2478 806 2546 in
843 2478 1041 2569 priori
1068 2477 1281 2568 aliqua
1310 2479 1444 2547 vita
1471 2478 1879 2547 commissam
1901 2529 1916 2554 ,
1952 2478 2041 2545 ita
2069 2481 2141 2544 ut
2179 2498 2358 2546 secus

267 2649 277 2657 .
338 2604 499 2652 cum
536 2582 809 2654 bonitate
843 2591 906 2654 et
937 2586 1243 2676 sapientia
1284 2583 1502 2656 divina
1540 2583 1841 2677 componi
1870 2608 2006 2656 non
2047 2590 2349 2679 possent;

338 2697 409 2759 et
428 2690 600 2761 Deus
618 2743 639 2772 ,
666 2692 782 2761 etsi
809 2715 1006 2763 novas
1030 2690 1337 2764 continuo
1359 2695 1608 2763 animas
1629 2700 1834 2770 creet,
1866 2699 2197 2785 propterea
2216 2715 2354 2763 non

338 2800 526 2889 quasi
550 2822 887 2889 nunquam
906 2802 1184 2893 quietem
1208 2802 1454 2872 habens
1474 2802 1727 2892 concipi
1745 2799 1933 2870 debet
1956 2853 1974 2880 ,
2009 2824 2162 2872 cum
2191 2808 2358 2871 nutu

336 2905 535 2975 unico
582 2912 646 2974 et
674 2912 909 2976 aeterno
962 2907 1304 2978 voluntatis
1347 2931 1478 2978 suae
1508 2913 1679 2977 creet
1721 2907 1940 2975 omnia
1973 2929 2091 2975 suo
2132 2906 2359 2976 ordine

341 3018 760 3083 consecutura
779 3065 798 3094 ,
845 3037 1246 3107 quaecunque
1282 3021 1477 3085 creat.
1512 3014 1679 3084 Dein
1706 3013 2211 3103 mtempsychosis
2243 3015 2358 3083 in·-

342 3138 536 3207 super
574 3121 768 3189 etiam
803 3121 1077 3192 absurda
1103 3131 1218 3193 est.
1252 3122 1423 3193 Nam
1451 3124 1527 3216 a)
1558 3143 1750 3216 poena
1783 3122 2128 3191 criminum
2149 3172 2170 3200 ,
2202 3144 2359 3212 quo·

343 3245 498 3293 rum
544 3228 726 3295 nulla
763 3251 1021 3320 prorsus
1056 3232 1369 3300 memoria
1410 3231 1685 3300 habetur
1698 3282 1718 3310 ,
1757 3252 1891 3298 non
1926 3229 2118 3298 habet
2163 3229 2356 3297 ratio-

344 3351 500 3398 nem
548 3337 754 3423 poenae
773 3386 791 3413 ‚
846 3340 1200 3427 praesertim
1236 3339 1698 3430 praeservativae
1721 3390 1737 3417 ‚
1791 3359 1870 3406 cx
1920 3340 2098 3428 cujus
2123 3336 2356 3407 intuitu

342 3440 901 3538 metempsychosis
932 3450 1150 3519 tamen
1177 3447 1499 3548 statuitur3
1533 3446 1597 3537 b)
1633 3446 1864 3517 animm
1877 3498 1900 3528 ,
1940 3446 2013 3515 in
2053 3466 2181 3535 quo
2211 3444 2358 3514 de-

405 3649 478 3719 (1)
509 3650 649 3725 Gens.
675 3653 942 3709 Cndworth
963 3672 982 3709 τ
1005 3658 1141 3725 Syst.
1164 3661 1322 3715 intell.
1355 3676 1400 3716 c.
1425 3667 1474 3717 ⁸.
1611 3685 1627 3712 s

395 3724 477 3789 β)
512 3724 589 3775 Uti
620 3728 832 3780 habetur
851 3733 962 3780 tum
990 3732 1047 3781 in
1067 3733 1331 3797 Phoedone,
1360 3739 1469 3786 tum
1492 3735 1736 3800 praecipue
1756 3736 1811 3787 in
1828 3735 2031 3787 Timaeo.

410 3793 485 3859 (3)
514 3794 655 3849 Teste
674 3801 728 3854 S.
749 3801 1025 3865 Augustino
1049 3818 1065 3854 ε
1087 3805 1192 3858 Lib.
1216 3808 1282 3858 'de
1301 3807 1456 3860 civit.
1476 3808 1568 3858 Dei
1573 3812 1670 3861 .11.
1707 3822 1813 3871 cap.
1840 3811 1919 3858 11.

406 3865 479 3949 (ἢ)
511 3866 644 3920 Επεὶ
662 3871 727 3921 de
766 3872 1001 3926 'theodic-
1034 3876 1093 3950 Ρ.
1132 3882 1180 3930 1.
1210 3879 1345 3945 1591.
1381 3880 1579 3933 confer.
1605 3880 1754 3933 ctiam
1774 3880 1978 3944 synops.
2025 3877 2137 3930 aist.
2174 3877 2346 3944 philon.

344 3936 543 3991 renea.
567 3940 935 4006 111.Epoc11.2.
1060 3955 1069 3966 ·
