2988 4832
1623 500 1748 570 128

615 720 621 731 Β
679 626 751 690 ut
776 622 849 690 id
896 621 1115 691 nullus
1156 618 1369 692 adhuc
1412 624 1816 694 materialista
1845 624 2121 690 asserere
2151 622 2343 692 ausus
2366 616 2486 703 siti
2505 619 2695 713 'ergo

675 731 943 801 materia
959 752 1095 799 non
1123 732 1353 822 cogitat
1372 751 1451 802 ex
1468 733 1702 802 natura
1724 731 1842 800 sua
1865 757 1884 813 ;
1917 728 2029 798 sed
2047 749 2260 820 neque

762 912 819 1002 b)
861 914 975 980 Ex
996 921 1111 978 sua
1135 909 1636 1000 confiquratt'one.
1674 907 1842 979 Nam
1873 899 2103 1002 figura'
2116 928 2230 979 seu
2259 908 2689 1002 configuratio

676 1017 957 1089 materiae
985 1016 1151 1086 nihil
1193 1017 1344 1086 dicit
1379 1021 1612 1109 praeter
1652 1018 2082 1086 extensionem
2131 1016 2444 1108 majorem
2469 1019 2694 1087 mino-

672 1149 895 1198 remve
924 1131 1096 1195 certo
1113 1122 1395 1214 quodam
1422 1124 1616 1194 modo
1636 1126 2066 1205 terminatam,
2094 1123 2200 1194 cui
2229 1146 2471 1194 nomen
2494 1126 2695 1195 trian-

671 1235 811 1327 guli
832 1245 875 1314 Γ
904 1230 1193 1326 quadrati
1218 1237 1342 1302 etc.
1371 1231 1712 1302 tribuimus
1747 1259 1765 1300 ε
1799 1233 1975 1322 atqui
2003 1230 2324 1302 evidenter
2360 1231 2525 1301 nihil
2565 1231 2692 1301 ho-

669 1362 823 1411 rum
847 1344 942 1411 est
965 1338 1254 1430 cogitatio
1280 1338 1625 1430 subjective
1653 1345 1950 1430 spectata.
1993 1336 2165 1407 Nam
2185 1344 2354 1407 certe
2393 1339 2690 1430 cogitatio

670 1444 1107 1536 conceptibilis
1130 1467 1265 1515 non
1296 1451 1409 1524 est,
1461 1442 1536 1514 ut
1569 1445 1807 1539 aliquid
1832 1444 2238 1535 triangulare,
2276 1445 2693 1537 quadratum‚'

668 1559 783 1623 aut
803 1553 1402 1645 quomodocumque
1425 1553 1793 1644 figuratum,
1831 1551 1941 1621 sed
1964 1573 2042 1631 ex
2067 1557 2379 1642 conceptu
2409 1573 2524 1621 suo
2549 1576 2691 1635 ome

669 1655 788 1729 nes
837 1660 1160 1751 possibiles
1198 1661 1436 1752 figuras
1463 1660 1812 1729 necessario
1851 1657 2148 1729 excludit.
2181 1657 2320 1728 Imo
2366 1682 2486 1730 nos
2522 1683 2691 1744 con-2

667 1773 889 1859 ceptus
907 1767 1214 1858 trianguli
1239 1771 1305 1836 et
1333 1767 1621 1858 quadrati
1649 1767 1842 1834 simul
1859 1757 2210 1849 habemus3
2244 1790 2397 1857 ergo
2427 1770 2480 1838 si
2502 1770 2686 1860 prin-

667 1875 910 1966 cipium
948 1875 1021 1943 in
1049 1874 1235 1944 nobis
1263 1875 1552 1966 cogitans
1582 1875 1660 1942 sit
1687 1874 2034 1947 materiale.
2068 1875 2352 1965 cogitans
2382 1898 2500 1967 per
2525 1899 2688 1946 con-

664 1981 1114 2072 figurationem
1154 2001 1339 2051 suam
1357 2032 1374 2060 ,
1430 2001 1566 2050 una
1591 1979 1941 2072 eademque
1969 1982 2251 2050 materia'
2276 1987 2436 2052 esset
2490 1982 2686 2052 simul

666 2089 1074 2180 triangularis
1116 2093 1183 2158 et
1226 2087 1421 2158 simul
1472 2087 1810 2179 quadrata„
1845 2087 2130 2158 Demum
2176 2088 2379 2158 multa
2407 2090 2683 2181 percipi·-

667 2219 815 2265 mus
844 2218 956 2266 seu
975 2195 1362 2287 cogitamus,
1419 2217 1566 2286 quae
1611 2195 1861 2264 nullam
1888 2195 2165 2286 figuram
2197 2195 2461 2265 habent.
2510 2195 2684 2288 Ergo

666 2304 930 2374 materia
958 2325 1094 2373 non
1124 2303 1357 2394 cogitat
1386 2322 1464 2371 ex
1496 2302 2159 2399 suadconfiguratione3
2192 2303 2318 2372 'sed
2342 2325 2553 2392 neque

756 2472 811 2564 c)
834 2474 946 2539 Ex
970 2493 1079 2538 suo
1099 2482 1289 2539 motu.
1320 2467 1392 2539 Si
1416 2470 1596 2537 enim
1621 2470 1884 2537 materia
1913 2469 2213 2560 cogitaret
2232 2470 2298 2537 vi
2319 2468 2530 2536 motus
2552 2468 2683 2545 sui,'

668 2581 974 2670 cogitaret
998 2576 1105 2646 vel
1132 2577 1200 2644 vi
1219 2584 1413 2644 motas
1443 2579 1881 2665 cujuscumque,
1911 2577 2016 2645 vel
2045 2579 2111 2643 vi
2129 2585 2321 2643 motas
2349 2577 2495 2644 talis
2528 2599 2551 2643 .·
2579 2581 2677 2645 at-

664 2688 779 2778 qui
809 2690 1113 2753 neutrum
1144 2684 1269 2754 dici
1293 2687 1540 2775 potest3
1597 2705 1858 2775 ergo....
1895 2680 2046 2751 Non
2094 2685 2325 2774 cogitat
2379 2685 2446 2750 vi
2485 2675 2678 2750 motas

624 2846 627 2849 .
666 2797 1123 2881 cujuscumque3
1160 2797 1341 2861 secus
1373 2792 1674 2884 cogitaret
1722 2789 2020 2883 quaelibet
2049 2792 2334 2870 materia,
2369 2790 2562 2859 simul
2602 2812 2679 2860 ac

664 2904 735 2972 in
769 2906 949 2970 motu
976 2900 1176 2991 posita
1196 2905 1398 2981 esset;
1432 2900 1731 2992 cogitaret
1757 2903 2010 2969 motum
2039 2919 2374 2967 scamnum
2400 2951 2417 2978 ‚
2467 2881 2681 2968 motus

662 3010 825 3102 lapis
853 3014 1003 3088 etc.‚
1038 3007 1212 3098 quod
1238 3006 1344 3077 vel
1371 3004 1520 3099 ipsis
1545 2997 1962 3088 materialis'tis
1989 3006 2339 3075 absurdum
2368 3012 2484 3077 est.
2531 3010 2681 3076 Nem

666 3120 733 3183 vi
758 3123 952 3183 motas
997 3116 1145 3182 talis
1165 3161 1187 3193 ‚
1248 3119 1461 3182 motus
1492 3114 1670 3182 enim
1699 3135 1742 3183 a
1779 3118 1962 3183 motu
1989 3112 2196 3182 diflert
2232 3113 2347 3183 vel
2365 3115 2677 3183 celeritate

610 3290 614 3292 a
663 3226 772 3296 vel
792 3225 1134 3296 directione
1152 3223 1259 3293 vel
1279 3221 1744 3293 combinatione
1770 3249 1788 3294 ε
1822 3227 2011 3315 atque
2031 3223 2194 3292 nihil
2230 3229 2324 3293 est
2354 3225 2427 3293 in
2452 3225 2674 3315 quovis

664 3333 924 3413 horum,
976 3329 1167 3424 quod.
1182 3332 1287 3402 vel
1316 3332 1654 3400 minimam
1688 3331 1874 3400 nobis
1895 3351 2120 3401 ansam
2146 3332 2425 3423 praebeat
2459 3333 2666 3423 suspi-

551 3425 561 3435 ’
666 3438 876 3518 candi,
907 3437 1058 3509 inde
1090 3438 1243 3508 oriri
1282 3440 1749 3532 cogitationem.
1795 3437 1994 3509 Secus
2039 3440 2218 3508 enim
2256 3438 2419 3529 lapis
2436 3518 2445 3522 ,
2465 3460 2531 3508 v.
2600 3462 2669 3530 g.

663 3550 852 3634 prout
870 3546 1113 3635 majore
1144 3546 1249 3614 vel
1277 3546 1513 3615 minori
1532 3547 1620 3625 vi,
1663 3544 1746 3615 ad
1772 3541 2083 3617 orientem
2110 3545 2217 3615 vel
2249 3533 2669 3625 occidentem.

662 3655 845 3719 motu
874 3651 1141 3744 simplici
1180 3650 1286 3720 vel
1326 3654 1670 3744 composito
1693 3705 1710 3733 ,
1761 3660 1942 3725 motu
1971 3654 2226 3727 interno
2276 3654 2382 3726 vel
2413 3660 2672 3723 externo

664 3764 1016 3841 moveatur,
1039 3760 1341 3851 cogitaret
1366 3759 1469 3830 vel
1484 3782 1619 3830 non
1643 3764 1962 3855 cogitaret,
1986 3761 2158 3854 quod
2187 3782 2341 3835 sane
2368 3782 2506 3831 non
2543 3762 2665 3832 mi-

664 3887 789 3938 nus
823 3864 1169 3988 alisurdum
1202 3874 1295 3939 est
1318 3867 1536 3963 {ergo
1563 3872 1828 3945 materia
1851 3869 2215 3948 facultatem
2254 3867 2573 3961 cogitandi
2595 3890 2669 3939 ex
