2988 4832
1622 470 1756 543 268

762 601 895 670 Em
937 602 1341 672 necessarium
1395 615 1481 671 cst
1524 605 1846 693 infinitum
1894 625 1997 671 seu
2021 603 2187 673 Deus
2208 622 2288 673 ex
2308 607 2675 697 argumento

677 707 1057 799 praecedenti
1084 712 1284 804 capite
1304 712 1520 782 allato.
1549 709 1724 804 Ergo
1750 711 1954 783 existit
1984 708 2179 782 Deus.

1359 940 1998 1016 OBJECTIONES.

645 1245 666 1256 ,Ν
764 1173 893 1244 115
923 1174 1094 1247 oBJ.
1135 1176 1201 1244 1·
1227 1175 1403 1247 Inter
1445 1198 1551 1248 res
1590 1159 1829 1247 creatas
1856 1182 1917 1244 et
1958 1173 2173 1246 Deum
2201 1174 2383 1244 nulla
2412 1181 2505 1244 est
2536 1197 2681 1267 pro·-

677 1285 916 1371 portio;
941 1306 1105 1375 wergo
1142 1307 1220 1354 ex
1249 1286 1443 1356 rebus
1488 1288 1714 1358 creatis
1759 1284 1934 1354 Deus
1987 1283 2412 1353 demonstrari
2440 1286 2676 1373 nequit,

678 1384 758 1456 Et
777 1412 949 1471 vero,
978 1392 1033 1461 si
1059 1391 1315 1462 daretur
1336 1396 1648 1462 connexio
1685 1390 2034 1466 necessaria
2072 1391 2239 1459 inter
2277 1410 2395 1458 ens
2425 1391 2681 1458 contin-

674 1518 835 1583 gens
853 1505 916 1567 et
939 1520 1057 1569 ens
1084 1502 1533 1581 necessarium,
1572 1524 1687 1572 ens
1713 1503 2096 1591 contingens
2132 1498 2487 1570 necessario
2523 1498 2680 1569 exis·

662 1611 831 1675 teret
866 1633 884 1676 e
926 1608 1102 1699 atqui
1126 1608 1252 1676 hoc
1283 1614 1601 1701 repugnat
1627 1637 1645 1692 ;
1675 1630 1853 1700 ergo.
1866 1660 1882 1678 .
1895 1659 1911 1678 .
1924 1658 1944 1677 .

759 1766 841 1839 R.
869 1770 957 1839 D.
990 1771 1143 1841 Ant.
1176 1769 1370 1840 Nulla
1391 1777 1485 1840 est
1513 1771 1831 1864 proportio
1856 1771 2363 1848 interereaturas
2389 1777 2453 1840 et
2472 1765 2678 1840 Deum
2781 1824 2787 1834 .

673 1878 744 1946 in
764 1899 1000 1969 genere
1041 1880 1314 1946 eastitatis
1339 1929 1356 1958 ‚
1408 1880 1482 1948 C.
1530 1879 1684 1948 Ant.
1719 1876 1797 1947 ln
1832 1899 2065 1968 genere
2095 1881 2489 1946 connexionis
2509 1930 2528 1958 ,
2593 1880 2675 1948 Ν.

675 1985 827 2056 Ant.
864 1983 1044 2055 Licet
1071 1987 1250 2056 enim
1281 1992 1586 2055 creaturae
1628 2008 1668 2054 a
1707 1984 1842 2055 Deo
1871 1985 2116 2054 infinite
2137 1986 2404 2066 distent,
2443 1989 2578 2057 imo
2615 1988 2679 2055 in

674 2117 792 2159 esse
818 2115 952 2163 non
980 2093 1193 2163 solum
1214 2094 1543 2174 differant,
1580 2093 1692 2162 sed
1717 2094 1910 2162 etiam
1930 2094 2214 2163 absolute
2242 2093 2505 2165 divemae
2527 2097 2669 2173 sint,

672 2201 848 2270 adest
891 2208 1108 2271 tamen
1138 2204 1488 2272 necessaria
1535 2201 1754 2271 relatio
1782 2203 1948 2271 inter
1985 2203 2150 2294 ipsas
2177 2207 2240 2271 et
2277 2199 2515 2274 Deum.
2560 2202 2678 2273 Res
2749 2189 2758 2201 ’

673 2309 849 2378 enim
874 2315 1121 2390 creatae,
1156 2315 1371 2401 utpote
1401 2312 1862 2401 contingentes,
1894 2315 2083 2400 egent
2113 2315 2258 2378 ente
2299 2311 2667 2388 necessario,

670 2436 713 2483 a
744 2439 874 2507 quo
892 2418 1367 2510 producantur·
1403 2424 1574 2487 recte
1600 2419 1794 2508 igitur
1830 2415 1911 2486 ab
1942 2440 2168 2486 earum
2198 2418 2521 2487 existentia
2569 2416 2680 2487 Dei

671 2526 991 2595 existentia
1019 2527 1313 2597 insertur.
1354 2526 1458 2594 Ad
1507 2525 1691 2617 prob.
1749 2527 1836 2595 D.
1891 2527 2084 2615 Maj.
2114 2524 2183 2594 Si
2221 2524 2489 2595 daretur
2525 2549 2676 2597 con-

671 2633 856 2702 nexio
883 2633 1231 2701 necessaria
1246 2631 1608 2701 necessitate
1635 2632 1911 2699 absoluta
1947 2645 2005 2698 et
2032 2633 2445 2713 antecedenti,
2506 2635 2593 2702 ita
2614 2639 2681 2702 ut

671 2741 869 2834 posito
892 2745 1037 2809 ente
1060 2740 1407 2811 necessario
1433 2740 1590 2832 poni
1616 2741 1808 2809 etiam
1837 2738 2061 2809 debeat
2103 2761 2221 2810 ens
2249 2741 2629 2831 contingens
2655 2789 2672 2818 ‚

671 2870 785 2916 ens
810 2849 1184 2939 contingens
1221 2849 1579 2917 necessario>
1618 2847 1925 2926 existeret,
1968 2847 2041 2916 C.
2097 2848 2263 2935 Maj.
2308 2844 2379 2914 Si
2431 2838 2682 2914 daretur

669 2957 975 3025 connexio
995 2958 1342 3026 necessaria
1366 2958 1730 3025 necessitate
1763 2957 2138 3046 hypothetica
2175 2960 2239 3024 et
2274 2957 2670 3044 consequenti,

669 3061 752 3129 ita
776 3067 851 3130 ut
875 3063 1075 3154 posito
1100 3069 1245 3132 ente
1266 3065 1662 3156 contingenti
1701 3063 2051 3132 necessario
2081 3062 2491 3154 intelligatur·
2509 3063 2681 3153 posi-

669 3174 805 3236 tum
827 3174 890 3237 et
918 3191 1035 3239 ens
1055 3171 1502 3251 necessarium,
1535 3170 1625 3240 N.
1659 3171 1825 3259 Maj.
1858 3169 2061 3260 Atqui
2081 3170 2415 3248 connexio,
2452 3167 2535 3237 de
2557 3169 2679 3258 qua

664 3280 895 3372 agitur,
924 3278 1091 3349 inter
1115 3300 1231 3348 ens
1257 3278 1636 3369 contingens
1662 3283 1725 3345 et
1745 3299 1860 3346 ens
1880 3264 2322 3346 'necessarium
2357 3276 2677 3367 hypothe-

668 3388 787 3456 tica
809 3392 1062 3477 tantum
1088 3391 1181 3458 est
1201 3394 1264 3457 et
1285 3407 1680 3477 consequens
1692 3411 1717 3468 ,·
1771 3407 2041 3477 ergo....

750 3552 921 3625 0131.
955 3554 1026 3624 2·
1048 3552 1120 3625 Si
1144 3553 1228 3628 nb
1248 3554 1572 3625 existentia
1611 3552 1772 3622 entis
1799 3553 2229 3645 contingentis
2274 3549 2677 3629 concluditur

662 3663 982 3733 existentia
1005 3662 1166 3733 entis
1192 3663 1527 3734 necessarii
1543 3668 1606 3730 et
1624 3660 1880 3739 infiniti,
1909 3660 2153 3752 aliquid
2183 3662 2395 3753 majus
2428 3660 2502 3729 in
2529 3679 2676 3728 con-

661 3770 945 3839 clusione
966 3775 1081 3853 cst,
1107 3791 1305 3862 qnam
1326 3769 1397 3838 in
1416 3768 1754 3862 praemissis
1791 3792 1809 3836 ε
1844 3767 2021 3857 atqui
2051 3766 2335 3857 legitima
2356 3765 2676 3838 conclusio

662 3877 822 3951 nihil
844 3880 1049 3974 majus
1078 3879 1401 3951 continere
1426 3881 1651 3971 potest,
1684 3894 1883 3970 quam
1899 3875 2239 3971 praemissae
2265 3905 2282 3961 ;
2317 3897 2521 3967 ergo..
