2988 4832
699 604 830 661 tum
849 587 1218 661 mirabilem.
1254 584 1531 659 Effectus
1560 590 1736 659 enim
1764 584 2071 657 mirabilis
2095 591 2207 667 est,
2244 583 2425 679 cujus
2454 577 2718 658 causatis

699 702 959 792 quidem
1009 719 1145 768 non
1199 699 1542 778 novimus3
1575 701 1671 766 ast
1699 718 1776 765 ex
1818 716 1948 786 quo
1980 716 2115 764 non
2133 695 2495 787 judicamus
2511 744 2530 775 ‚
2565 713 2710 762 eam

700 814 943 879 naturae
971 828 1103 876 non
1135 806 1339 873 inesse
1367 833 1385 885 ;
1418 805 1518 874 uti
1548 805 1602 872 si
1631 804 1773 896 quis
1800 803 1977 879 rudis
2006 802 2222 905 prima
2248 802 2385 871 vice
2428 801 2711 893 experia-

699 921 805 984 tur
830 917 1030 985 ictum
1051 914 1463 992 electricum,'
1497 913 1604 982 vcl
1635 913 2064 1005 phaenomena
2105 908 2704 1000 phantasmagoriae.

785 1040 900 1110 His
922 1041 1257 1133 praemissis
1296 1039 1606 1130 quaeritur
1624 1090 1641 1119 ,
1670 1060 1758 1113 an
1796 1037 2053 1109 effectus
2066 1028 2575 1127 ‘supernaturalis
2597 1055 2711 1102 seu

674 1150 1081 1221 ‘miraculum
1115 1149 1197 1220 sit
1231 1146 1525 1242 possibile
1549 1199 1570 1228 ,
1606 1146 1688 1220 ad
1730 1145 1906 1237 quod
1950 1144 2333 1241 responsum
2380 1142 2553 1212 dabit
2598 1138 2712 1212 se·-

699 1278 904 1350 quens

783 1403 895 1474 32.
955 1402 1199 1476 PROP.
1255 1401 1628 1472 Mmcumu
1671 1425 2021 1474 mramsacu
2066 1426 2146 1475 m·
2191 1423 2557 1475 nramsucn
2601 1425 2709 1475 asi·

698 1533 1021 1583 rossmnin.

787 1655 980 1729 Proh.
1033 1655 1099 1724 1·
1142 1644 1536 1726 Miraculu'm
1562 1662 1657 1725 est
1690 1658 1974 1746 possibile
2010 1654 2096 1747 a)
2131 1658 2484 1754 Inprimece.
2540 1655 2711 1726 Nam

594 1824 599 1831 .
697 1763 963 1831 essentia
1016 1766 1158 1829 tum
1194 1760 1661 1831 elementorum
1700 1771 1843 1831 tum
1870 1764 2099 1831 mundi
2128 1764 2410 1854 adeoque
2446 1769 2511 1833 et
2537 1765 2711 1854 leges
2785 1760 2790 1767 ’

699 1874 942 1938 naturae
971 1867 1329 1958 dependent
1363 1890 1405 1937 a
1440 1868 1645 1937 libera
1680 1869 2008 1938 voluntate
2047 1870 2209 1953 Dei3
2243 1894 2395 1961 ergo
2418 1872 2513 1939 uti
2534 1869 2710 1939 Deus

699 1966 877 2044 initio
898 1975 1199 2066 potuisset
1218 1976 1412 2044 aliam
1438 1976 1768 2044 elementis
1789 1977 1896 2046 vel
1916 1978 2164 2047 mundo
2188 1980 2525 2048 essentiam
2540 1976 2713 2070 phy-

701 2083 897 2151 sicam
941 2081 1091 2151 dare
1112 2134 1131 2162 ,
1165 2083 1250 2152 ita
1281 2088 1345 2151 et
1368 2105 1551 2151 nunc
1571 2088 1775 2175 potest
1799 2084 2088 2173 ejusdem
2118 2083 2417 2154 effectum
2447 2106 2714 2178 suspen-

699 2188 849 2263 dere
881 2190 986 2259 vel
1021 2189 1294 2261 eandem
1323 2191 1689 2260 modificare
1726 2198 1838 2261 aut
1866 2193 2025 2261 adeo
2052 2194 2399 2262 immutare
2430 2215 2508 2262 ex
2554 2214 2714 2286 spe-

698 2298 840 2367 ciali
865 2299 1152 2382 ratIone3
1193 2320 1457 2390 ergo....
1490 2300 1562 2392 l»)
1589 2303 2003 2370 Extrinscese.
2041 2298 2211 2370 Nam
2241 2301 2549 2392 quidquid
2574 2323 2711 2371 non

697 2413 1010 2499 repugnat
1035 2409 1524 2501 perfectionibus
1566 2407 1796 2479 divinis
1819 2462 1838 2490 ,
1884 2414 1979 2480 est
2014 2410 2359 2479 extrinsece
2388 2408 2704 2501 possibile:

698 2520 872 2607 atqui
913 2517 1300 2586 miraculum
1342 2539 1479 2587 non
1533 2525 1848 2610 repugnat
1901 2517 2394 2610 perfectionibus
2448 2516 2704 2588 divinis.

697 2621 768 2692 Si
804 2623 984 2692 enim
1030 2633 1457 2716 repugnaret,
1508 2632 1667 2694 esset
1680 2621 1730 2705 ’,.
1760 2633 1834 2695 ut
1883 2627 2111 2696 volunt
2170 2627 2513 2696 adversarii
2534 2661 2561 2707 ·‚
2595 2625 2708 2697 vel

696 2729 849 2820 quia
870 2730 1257 2800 miraculum
1278 2739 1576 2823 argueret
1613 2735 1684 2801 in
1714 2733 1851 2803 Deo
1878 2734 2365 2805 mutabilitatem
2387 2787 2405 2814 ,
2434 2733 2540 2804 vel
2560 2733 2712 2825 quia

698 2835 954 2906 nullum
999 2837 1199 2907 finem
1235 2835 1372 2908 Deo
1424 2840 1699 2931 dignum
1745 2842 2053 2925 haberet;
2094 2843 2270 2934 atqui
2320 2842 2725 2912 miraculum·

701 2944 768 3016 1⁶
809 2966 944 3014 non
972 2940 1181 3039 arguit
1215 2946 1287 3015 in
1315 2945 1451 3016 Deo
1476 2949 1961 3019 mutabilitatem
1978 3001 2022 3031 ,.
2053 2951 2201 3040 quia
2232 2951 2327 3018 uti
2365 2949 2554 3041 leges·
2575 2972 2728 3018 na-r
2814 2940 2820 2946 ’

697 3056 858 3123 ίῑιῐω
882 3103 901 3133 ,
949 3053 1036 3122 ita
1061 3058 1126 3122 et
1160 3053 1331 3122 hanc
1373 3055 1558 3123 abiis
1586 3059 2020 3149 exceptionem
2050 3059 2139 3127 ab⁴
2178 3064 2416 3128 aeterno
2444 3059 2656 3127 statuit
2681 3109 2700 3135 ,

696 3162 791 3230 uti
821 3162 1014 3232 etiam
1047 3159 1121 3232 S.
1160 3159 1441 3231 Thomas
1460 3164 1644 3233 docet
1674 3166 1757 3257 (1)
1787 3194 1804 3248 ς
1838 3167 1906 3235 2⁰
1936 3166 2130 3235 habet
2156 3168 2359 3236 finem
2386 3166 2524 3236 Deo
2561 3166 2729 3258 dig-2

695 3280 859 3344 num
878 3318 902 3347 ‚
946 3266 1151 3357 qualis
1188 3275 1282 3337 est
1314 3272 1734 3340 manifestatio
1763 3295 1898 3343 suae
1919 3274 2079 3343 ‘volu
2090 3278 2289 3344 utatis
2315 3277 2568 3346 homini
2596 3278 2708 3345 sa—

696 3374 923 3472 cienda
942 3424 961 3452 ‚
1007 3380 1369 3445 contestatio
1394 3378 1661 3468 alicujus
1682 3380 1958 3449 veritatis
1981 3432 2004 3461 ,
2043 3382 2410 3473 approbatio
2441 3374 2709 3452 ⁴virtutis

696 3482 1085 3581 manifestior
1119 3488 1184 3553 et
1219 3505 1364 3576 quae
1392 3486 1599 3577 magis
1625 3487 1958 3557 hominem
1995 3488 2341 3581 percellat;
2385 3489 2452 3559 id
2485 3492 2659 3582 quod
2683 3542 2702 3570 ,
2745 3533 2752 3538 -

711 3693 721 3702 ·
765 3686 834 3753 (1)
855 3686 988 3740 Part.
1007 3687 1053 3745 1.
1075 3688 1255 3749 Quaest.
1283 3692 1395 3744 m.
1414 3691 1523 3743 Art.
1547 3697 1597 3748 a.
1630 3694 1716 3746 affl
1732 3696 1797 3744 az
1821 3692 2118 3761 Dicendum,
2145 3694 2278 3761 quoa
2303 3695 2434 3745 Deus
2458 3696 2534 3747 sic
2562 3683 2708 3746 rebus

698 3766 886 3810 certum
904 3760 1128 3812 ordinem
1153 3760 1367 3826 indidit,
1405 3767 1463 3812 ut
1493 3769 1658 3817 tamen
1685 3765 1784 3816 sibi
1805 3771 2081 3818 reservaret
2094 3804 2111 3831 ,
2134 3766 2268 3833 quod
2299 3769 2406 3832 ipse
2435 3767 2706 3835 aliquando

698 3831 932 3953 “lurra
950 3833 1098 3892 cauea
1131 3834 1255 3885 met
1266 3832 1517 3900 facturae,
1549 3837 1682 3912 Unde
1702 3853 1811 3893 cum
1824 3844 2016 3912 praeter·
2051 3838 2177 3892 hunc
2208 3838 2430 3894 ordinem
2454 3842 2585 3909 aqit,
2609 3856 2706 3896 non

703 3916 788 3954 mu
810 3916 944 3958 aur.
1338 3913 1343 3918 ’
2027 3932 2031 3937 ·
