2988 4832
1285 473 1420 545 275

325 593 496 663 ficiat
516 589 599 662 ad
619 590 914 665 effectum
934 588 1423 685 producendum
1443 641 1464 672 ,
1499 589 1575 663 C.
1604 592 1774 684 Mai.
1790 591 2010 680 Etiam
2037 609 2350 687 quatenu·

217 754 223 766 .
325 704 637 791 majorem
684 700 924 771 habere
975 722 1111 771 non
1159 702 1396 793 possit,
1444 702 1537 772 Ν.
1564 703 1735 790 Maj.
1792 703 1958 785 Quia
1984 709 2159 775 certo
2189 727 2349 798 opus

324 807 583 899 aliquod
608 829 742 877 non
778 805 886 876 dat
910 829 1284 876 mensuram
1307 807 1498 875 totius
1519 808 1819 899 potentias
1849 809 2114 898 opificis.
2149 809 2350 881 Porro

320 916 396 984 in
419 922 633 985 nostro
652 920 1033 1008 argumento
1065 915 1511 984 concludimus
1547 915 1630 984 ab
1659 915 1891 985 effectu
1932 918 1980 987 i.
2019 940 2080 986 c.
2126 918 2349 987 ordino

321 1037 734 1118 consequenter
749 1024 832 1093 ad
852 1045 1131 1104 causam,
1164 1029 1227 1093 et
1248 1023 1511 1113 quidem
1529 1022 1611 1093 ad
1633 1045 1895 1094 causam
1923 1026 2078 1094 huic
2101 1026 2347 1098 effectui

320 1134 906 1224 proportionatam,
937 1153 1093 1224 ergo
1115 1153 1370 1203 necesse
1390 1152 1529 1201 non
1545 1137 1660 1212 est,
1686 1138 1759 1202 ut
1781 1132 1968 1205 nobis
1996 1134 2350 1205 innotescat

323 1262 516 1309 causa
540 1243 973 1309 antecedenter.

416 1384 571 1452 Inst.
626 1383 689 1450 1⁰
731 1382 859 1454 Sed
904 1386 994 1455 sic
1019 1407 1098 1455 ex
1150 1385 1372 1455 ordine
1422 1383 1654 1453 mundi
1698 1404 1832 1453 non
1880 1389 2085 1475 potest
2128 1380 2351 1453 inferri

319 1491 647 1559 existentia
662 1496 823 1561 entis
839 1515 1092 1562 summe
1106 1493 1398 1585 perfecti,
1424 1513 1581 1561 cum
1600 1490 1758 1561 ordo
1780 1491 2000 1560 finitus
2021 1491 2349 1561 infinitum

322 1602 657 1667 auctorem
691 1621 828 1668 non
859 1600 1109 1691 exigat;
1141 1621 1297 1691 ergo
1301 1647 1440 1671 .....
1876 1595 1879 1598 ’

418 1753 498 1826 R.
532 1758 619 1826 D.
647 1759 814 1829 Min.
840 1757 1086 1850 Subspt.
1135 1756 1284 1828 Non
1315 1763 1517 1850 'potest
1561 1756 1783 1828 inferri
1813 1759 2158 1828 immediate
2178 1812 2194 1838 ‚
2234 1755 2342 1828 Tr.

329 1865 494 1932 Min.
517 1866 762 1956 Subspt.
791 1861 1059 1936 Mediate
1092 1917 1110 1946 ,
1161 1868 1250 1936 N.
1278 1865 1447 1936 Min.
1484 1867 1729 1956 Subspt.
1779 1863 1922 1936 Dixi
1964 1868 2304 1936 immed-iate
2325 1920 2341 1945 ,

322 1973 438 2042 Tr.
473 1976 643 2044 Min.
682 1975 925 2063 Subspt.
980 1973 1151 2044 Sunt
1180 1975 1360 2043 enim·
1382 2027 1399 2054 ‚
1454 1974 1568 2067 qui
1596 1997 1673 2043 ex
1701 1972 1828 2044 hoc
1858 1975 2080 2044 ordine
2122 1971 2350 2045 mundi

320 2083 718 2153 concludunt
737 2082 1099 2152 immediate
1129 2081 1213 2151 ad
1261 2099 1522 2152 causam
1555 2083 1960 2153 ordinantem
1983 2078 2293 2151 infinitam
2322 2133 2341 2162 ,

317 2196 539 2284 utpote
579 2213 724 2282 quae
755 2192 1036 2283 perfecte
1080 2213 1263 2260 nosse
1305 2187 1565 2270 debuit,
1616 2190 1923 2282 quidquid
1950 2211 2026 2259 ex
2059 2191 2300 2260 viribus
2324 2244 2342 2269 ,

320 2315 483 2389 quas
508 2300 860 2376 concessit,
917 2299 1096 2389 sequi
1141 2302 1389 2390 posset,
1438 2299 1866 2388 omniumque
1909 2317 2130 2366 rerum
2178 2295 2347 2366 rela-

318 2409 524 2478 tiones
544 2414 606 2478 et
629 2407 1069 2500 aptitudinem,
1100 2407 1443 2497 omniaque
1461 2403 1550 2475 sic
1575 2406 1648 2474 in
1671 2405 1964 2475 futurum
1987 2400 2340 2496 disponere,

318 2521 554 2586 uttam
583 2519 968 2608 compositus
998 2516 1153 2584 ordo
1183 2521 1589 2583 enasceretur
1622 2514 1686 2581 et
1726 2515 2091 2582 constanter
2117 2526 2348 2604 persc-

319 2629 605 2704 vetaret,
657 2622 725 2692 id
752 2622 926 2714 quod
956 2623 1206 2715 concipi
1234 2644 1371 2692 non
1396 2621 1628 2716 possit,
1677 2618 1802 2691 nisi
1841 2622 1914 2692 in
1943 2625 2136 2700 ente,
2176 2620 2350 2711 quod

319 2731 717 2824 adaequatam
758 2731 990 2800 habeat
1033 2746 1256 2800 rerum
1293 2727 1531 2803 ideam.
1583 2726 1702 2800 Ast
1730 2750 1987 2799 necesse
2018 2746 2155 2797 non
2200 2734 2340 2808 est,

318 2847 394 2907 ut
430 2838 775 2908 immediate
815 2837 1317 2927 concludamus,
1367 2857 1524 2907 cum
1565 2834 1820 2906 mediate
1859 2838 2211 2908 necessario
2259 2834 2342 2907 ad

318 2947 645 3017 infinitum
674 2945 1056 3015 concludere
1086 2922 1453 3014 debeamus.
2224 2964 2230 2970 ·

365 3083 566 3155 Inst.
594 3084 663 3152 2⁰
686 3083 942 3153 Partem
972 3081 1182 3150 solum
1204 3080 1435 3148 mundi
1462 3050 1957 3173 cognoscimus·
1989 3087 2168 3176 atqui
2192 3081 2344 3156 inde

319 3194 542 3293 nequit
586 3189 885 3260 concludi
911 3182 993 3258 ad
1032 3211 1365 3258 summum
1399 3184 1733 3270 ordi-nem,-
1766 3212 1973 3283 ergo..

408 3341 493 3413 R.
536 3343 611 3412 C.
650 3342 817 3428 Maj.
850 3340 943 3412 N.
986 3340 1158 3411 Min.
1204 3343 1270 3405 et
1309 3337 1493 3409 Cone.
1528 3336 1686 3406 Pars
1722 3341 1903 3408 enim
1955 3340 2143 3410 noble
2195 3351 2347 3412 nota

320 3451 651 3521 manifeste
692 3446 920 3539 probat
954 3450 1281 3525 auctorem
1312 3444 1845 3535 sapientissimum
1868 3496 1888 3526 ,
1923 3440 2078 3517 cuni
2125 3453 2342 3518 omnia

320 3557 405 3628 ad
421 3556 624 3625 finem
641 3552 902 3623 tendere
935 3558 1000 3622 et
1022 3550 1234 3623 media
1273 3551 1594 3643 aptissima
1629 3553 1832 3622 electa
1864 3555 2179 3626 videmus,
2212 3557 2340 3628 Er·-

319 3686 407 3759 go
435 3664 622 3736 sicuti
655 3684 737 3734 ex
760 3662 967 3756 operis
994 3660 1266 3752 alicujus
1299 3659 1559 3739 eximii,
1596 3673 1663 3731 v·
1689 3683 1760 3752 g..
1811 3659 2105 3734 AEneidis
2124 3714 2145 3746 ,
2170 3722 2175 3725 Α
2200 3667 2346 3738 ext-

320 3773 862 3870 gusssolumparte
875 3773 958 3846 ad
976 3778 1303 3844 auctorem
1320 3771 1790 3865 intelligentem
1807 3776 2166 3844 necessario
2188 3794 2342 3846 oon-⁶
2392 3760 2396 3766 ¹

321 3882 640 3957 cludimus
657 3935 675 3963 ,
711 3884 809 3959 >ita
849 3885 1050 3957 etiam·
1063 3905 1142 3956 ex
1163 3888 1344 3976 parte
1381 3881 1597 3954 solum
1625 3883 1856 3955 mundi
1894 3882 2181 3955 ordinata
2212 3900 2371 3955 neu.
