2988 4832
1678 623 1812 704 250

825 746 1050 843 Neque
1090 749 1328 831 dicant,
1378 740 1700 826 desectum
1745 752 2109 829 {eternitatis
2153 748 2225 825 in
2266 749 2481 825 sutura
2526 751 2753 824 animm

729 856 1028 930 felicitate
1060 859 1345 952 suppleri
1371 881 1554 953 posse
1577 881 1697 954 per
1724 860 2152 937 intensionem
2184 859 2399 955 gaudii
2427 864 2491 932 et
2509 861 2753 953 -volup-
2810 946 2818 960 Ι

727 965 870 1037 tatis
895 967 1113 1047 talem,
1147 973 1222 1037 ut
1243 968 1462 1039 anima
1490 968 1571 1038 de
1600 967 1771 1057 illius
1798 969 1927 1039 fine
1957 973 2021 1040 et
2048 969 2387 1039 cessatione
2409 988 2547 1039 non
2567 969 2755 1060 cogi-

726 1079 842 1154 tet,
874 1073 1160 1178 adeoque
1190 1097 1312 1146 nec
1334 1076 1554 1145 timeat
1577 1076 1717 1166 ejus
1740 1076 2169 1148 amissionem.
2194 1074 2362 1147 Nam
2390 1078 2558 1146 certe
2580 1097 2757 1145 com-

723 1180 1136 1278 plementum
1170 1183 1478 1254 felicitatis
1500 1186 1733 1254 animm
1756 1186 2078 1255 constituit
2099 1185 2236 1277 ipsa
2253 1183 2481 1254 intima
2501 1188 2563 1252 et
2584 1188 2755 1253 certa

725 1292 1119 1364 conscientia
1145 1291 1432 1382 ejusdem
1460 1285 1892 1384 perennitatis,
1925 1314 2071 1384 quae
2103 1293 2158 1361 si
2181 1292 2358 1371 desit,
2397 1313 2528 1383 quo
2546 1293 2757 1383 major

723 1404 884 1471 emet
935 1399 1261 1471 intensitas
1303 1399 1643 1492 voluptatis
1661 1450 1680 1481 ,
1734 1422 1811 1469 eo
1862 1403 2067 1493 major
2113 1404 2273 1469 esset
2321 1402 2531 1469 metus
2570 1398 2755 1469 illam

721 1507 1094 1590 amittendi;
1135 1506 1245 1577 vel
1287 1513 1456 1578 certe
1499 1508 1773 1602 supponi
1813 1507 2092 1587 deberet,
2137 1509 2424 1579 animam
2464 1508 2752 1578 invinci-

719 1612 933 1685 biliter
962 1615 1261 1707 ignorare
1297 1616 1711 1686 cessationem
1747 1637 1878 1686 suae
1909 1614 2213 1685 felicitatis
2244 1616 2464 1707 :atqui
2491 1614 2617 1684 hoc
2657 1619 2755 1685 est

719 1719 1077 1808 absurdum
1108 1727 1251 1791 tum
1277 1746 1359 1792 ex
1394 1735 1573 1814 parte
1589 1786 1590 1793 ,
1608 1724 1730 1791 Dei
1740 1746 1765 1803 ,-
1807 1745 1961 1792 cum
2004 1723 2083 1792 sit
2126 1726 2348 1792 contra
2374 1722 2752 1815 sapientiam

717 1830 1112 1922 praestituere
1140 1829 1375 1900 animae
1403 1828 1765 1900 felicitatem
1793 1837 2189 1923 perpetuam,
2232 1818 2314 1900 ad
2341 1850 2537 1922 quam
2565 1848 2753 1903 nunc

719 1938 890 2005 certe
911 1940 1065 2007 teste
1087 1959 1280 2008 sensu
1315 1938 1543 2008 intimo
1581 1942 1889 2030 tanquam
1916 1936 1998 2007 ad
2027 1937 2228 2007 finem
2253 1938 2435 2007 nobis
2457 1940 2750 2031 proposi-

717 2049 862 2114 tum
884 2045 1224 2124 tendimus,
1259 2043 1494 2115 et-dein
1522 2045 1692 2114 illius
1718 2044 1866 2135 finis
1892 2042 2280 2114 oblivionem
2304 2046 2656 2136 perfectam
2680 2048 2749 2116 in

718 2152 1005 2221 animam
1055 2151 1399 2233 inducere3
1437 2156 1581 2221 tum
1620 2175 1701 2219 em
1732 2163 1915 2243 parte
1948 2155 2219 2234 animae3
2268 2175 2421 2223 cum
2449 2175 2631 2246 aeque
2672 2156 2749 2224 sit

719 2266 942 2330 contra
985 2251 1283 2330 naturam
1326 2258 1489 2329 entis
1527 2257 1935 2351 intelligentis
1977 2257 2234 2330 nonnisi
2272 2280 2390 2353 per
2428 2261 2743 2352 ignoran-

717 2371 872 2439 tiam
909 2372 974 2439 et
1006 2388 1291 2440 errorem
1332 2372 1645 2460 tanquam
1690 2364 1980 2439 medium
2011 2366 2146 2446 fine,
2185 2388 2303 2440 suo
2341 2362 2469 2440 srui
2505 2390 2738 2463 posse:

713 2499 868 2570 ergo
876 2526 1008 2548 .....

803 2632 965 2700 Inst.
1012 2627 1396 2722 Cupiditatcs
1434 2631 1698 2702 honoris
1719 2642 1743 2711 ‚‘
1796 2630 2157 2704 divitiarum
2186 2640 2358 2715 etc.;'
2395 2636 2511 2705 etsi
2540 2643 2739 2708 natu-

710 2736 877 2805 rales
897 2787 916 2816 ‚
948 2756 1287 2827 nunquam
1307 2743 1420 2807 aut
1444 2738 1763 2808 rarissime
1792 2739 2159 2831 explentur3
2197 2763 2353 2828 ergo
2382 2760 2424 2809 a
2450 2743 2591 2833 pari
2614 2743 2737 2812 de-

708 2844 1014 3025 Zidefiuim
1040 2840 1464 2927 beatitudini&
1490 2845 1639 2917 licet
1665 2846 1978 2929 naturale.
1998 2850 2358 2920 necessario
2381 2841 2517 2919 non
2542 2848 2740 2921 debet

748 2975 832 3046 xp
857 2974 926 3024 er

794 3120 880 3193 R.
915 3123 990 3192 N
989 3121 1202 3192 (ΑΜ.
1246 3123 1319 3191 in
1351 3121 1472 3203 co?
1516 3122 1689 3214 quod
1732 3121 2098 3216 cupiditates
2137 3122 2285 3191 istas
2328 3127 2560 3191 asserat
2589 3141 2734 3192 esse

704 3227 1050 3299 naturales,
1082 3227 1209 3298 Eas
1236 3229 1414 3299 enim
1444 3251 1485 3299 a
1517 3230 1749 3299 natura
1775 3253 1811 3299 r
1849 3227 2066 3299 tionali
2096 3249 2231 3299 non
2276 3230 2615 3321 provenire
2650 3251 2733 3299 eo

703 3335 900 3407 modo
919 3386 939 3418 ‚
981 3357 1110 3427 quo
1142 3335 1527 3408 desiderium
1553 3252 1954 3406 heatituciqinis
1998 3335 2289 3429 perfectoe
2311 3388 2329 3417 ‚
2367 3356 2444 3405 ex
2473 3357 2549 3405 eo
2593 3357 2734 3429 pa-

702 3451 832 3526 tet,
877 3443 1052 3536 quod
1074 3445 1234 3515 ratio
1264 3446 1400 3537 ipsa
1436 3442 1628 3514 dictat
1674 3464 1795 3513 nos
1836 3464 2017 3535 posse
2039 3495 2057 3522 ‚
2109 3443 2243 3513 imo
2289 3463 2456 3535 saepe
2488 3442 2734 3526 debere

650 3544 655 3550 ’
702 3552 933 3623 divitiis
959 3558 1080 3624 etc.
1098 3603 1117 3632 ‚
1153 3553 1520 3622 renuntiare
1538 3602 1558 3634 ‚
1590 3549 1674 3621 ad
1701 3550 1932 3621 melius
1956 3550 2483 3644 consequendum
2512 3551 2732 3623 finem

700 3659 1005 3731 ultimum
1020 3712 1044 3743 ,
1081 3660 1241 3752 quin
1269 3665 1487 3730 tamen
1530 3677 1822 3751 unquam
1848 3658 2215 3732 renuntiare
2243 3658 2561 3754 possimus
2586 3657 2729 3733 ‹ie-

701 3765 928 3841 ciderio
956 3768 1357 3839 beatitudinis
1383 3766 1708 3862 perfectae,

789 3911 1168 4016 Cupiditates
1200 3919 1327 3989 illoe
1357 3919 1617 4011 quidem
1646 3941 1722 3987 ex
1756 3919 2030 3992 naturali
2072 3918 2311 4011 summi
2352 3919 2507 3989 boni
2531 3917 2727 3988 desi-

702 4029 875 4101 derio
899 4081 915 4111 ,
961 4034 1266 4120 tanquam
1295 4049 1370 4097 ex
1398 4027 1607 4099 radice
1634 4029 1960 4123 profluunt
1985 4053 2005 4099 ε
2040 4028 2315 4122 inquiete
2345 4028 2519 4097 enim
2544 4024 2726 4097 illud
