2988 4832
577 654 1121 730 sufficiemaamo.
1154 628 1302 730 nai.
1331 657 1542 729 mse.
1578 660 1668 728 D.
1717 644 1898 750 offis·
1927 648 2264 750 perfectius
2296 650 2600 749 opificem

578 766 1012 870 perfectiorem
1034 767 1280 861 probat,
1319 768 1367 838 i.
1427 789 1490 836 e.
1526 763 1672 857 plus
1701 767 2067 837 manifestat
2109 764 2354 857 opificis
2399 787 2603 857 praes·

575 874 860 953 tantiam,
911 876 1093 945 Conc.
1132 873 1369 944 Probat
1392 897 1647 972 semper
1675 877 1990 968 majorem
2013 872 2086 942 in
2135 870 2364 964 opifice
2386 871 2598 963 *peri-

576 980 751 1058 tiam,
787 982 943 1069 Neq.
982 979 1151 1050 Nam
1171 987 1339 1051 certe
1368 984 1576 1075 quivis
1595 984 1805 1077 opifex
1834 1001 2088 1073 semper
2113 1000 2236 1048 nec
2273 976 2442 1072 agit,
2483 992 2607 1051 nec

579 1092 826 1156 tenetur
842 1110 1029 1180 agere
1049 1089 1405 1161 secundum
1424 1114 1693 1164 omnem
1713 1111 1900 1162 suam
1917 1088 2240 1182 peritiam.

662 1243 820 1310 Inst.
854 1242 924 1311 2⁰
963 1241 1088 1314 Sed
1112 1243 1285 1315 Deus
1326 1247 1676 1317 necessario
1724 1249 1898 1315 amat
1936 1263 2085 1313 suas
2146 1239 2602 1335 perfectiones·
2668 1288 2677 1291 -

572 1371 728 1442 ergo
756 1357 819 1418 et
855 1351 1015 1420 illud
1056 1353 1202 1442 plus
1253 1360 1450 1435 amat,
1483 1355 1660 1447 quod
1698 1375 1804 1426 eas
1829 1351 2169 1447 perfectius
2199 1353 2607 1442 repraesentat
2670 1373 2685 1380 ·

461 1541 466 1544 ,
574 1458 855 1549 adeoque
894 1459 959 1526 id
996 1461 1190 1528 etiam
1223 1468 1419 1531 creat.

660 1596 740 1666 R.
783 1599 868 1664 D.
914 1597 1068 1667 Ant.
1115 1595 1291 1667 Deus
1318 1601 1675 1670 necessario
1704 1604 1878 1669 amat
1905 1616 2053 1668 suas
2075 1594 2498 1688 perfectiones
2528 1595 2607 1660 in

573 1727 633 1771 sc
656 1754 675 1782 ‚
728 1705 801 1771 C.
831 1705 983 1773 Ant.
1008 1705 1090 1771 In
1113 1709 1414 1774 creaturis
1445 1731 1784 1796 expressas,
1811 1707 2009 1775 Subd.
2046 1708 2481 1792 Cmmquenter
2521 1700 2608 1786 ad

573 1813 960 1880 creationem
988 1833 1100 1880 seu
1127 1814 1446 1903 supposita
1473 1814 1790 1883 creatione
1806 1863 1827 1893 ‚
1877 1814 1950 1880 C.
1983 1814 2139 1881 Ant.
2158 1808 2604 1878 ‘Antecedcmer

574 1919 657 1987 ad
685 1920 1068 1988 creationem
1087 1970 1105 1998 ‚
1149 1905 1253 1989 N.
1304 1921 1458 1988 Ant.
1493 1919 1822 2010 ‘Alioquin
1866 1916 2043 1988 Deus
2095 1937 2203 2002 eas
2242 1914 2598 1989 necessario

574 2033 862 2121 creasset,
911 2027 1195 2117 adeoque
1210 2026 1392 2096 ‘liber
1434 2028 1507 2095 in
1548 2027 1826 2097 creando
1858 2048 1997 2096 non
2024 2026 2267 2096 suisset.
2378 2042 2379 2045 ’

661 2192 833 2263 0131.
866 2195 935 2262 2⁰
958 2195 1092 2264 Aut
1117 2193 1291 2263 Deus
1328 2216 1463 2263 non
1487 2196 1667 2264 scivit
1690 2246 1708 2276 ‚
1747 2198 2015 2265 autnon
2041 2189 2268 2284 potuit,
2296 2194 2427 2263 'aut
2467 2210 2604 2261 non

574 2301 773 2371 voluit
795 2301 1118 2370 mundum
1138 2302 1668 2393 perfectissimum
1691 2299 1966 2398 condere
2003 2325 2022 2369 ε
2063 2299 2242 2391 atqui
2285 2298 2453 2370 nihil
2485 2298 2604 2368 ho·

572 2431 723 2479 rum
744 2406 870 2479 dici
893 2414 1096 2500 potest
1122 2437 1141 2491 ;
1180 2432 1451 2501 ergom.

659 2554 743 2626 R.
776 2556 851 2625 C.
885 2558 1053 2643 Maj.
1076 2557 1164 2627 Ν.
1198 2558 1367 2628 Min.
1407 2555 1582 2626 Deus
1607 2578 1732 2627 nec
1751 2559 1890 2637 scit,
1925 2579 2050 2628 nec
2091 2565 2297 2653 potest
2319 2573 2357 2641 ‚‘
2405 2565 2605 2630 adeo-
2684 2591 2691 2596 ·

578 2683 708 2753 que
759 2684 898 2732 nec*
928 2663 1071 2732 vult
1121 2663 1476 2734 mundum‹
1503 2666 2033 2755 perfectissimum
2054 2715 2059 2718 -
2084 2667 2357 2740 condere
2377 2720 2398 2749 ‚
2449 2689 2607 2740 cum

573 2770 810 2838 creatio
831 2771 1068 2840 mundi
1097 2772 1539 2863 perfectissimi
1566 2773 1645 2842 sit
1675 2774 2018 2845 intrinsece
2047 2775 2472 2867 impossibilis,
2509 2775 2607 2845 si-
2686 2809 2695 2810 f

574 2877 843 2968 quidem
864 2880 945 2949 de
970 2881 1201 2950 natura
1224 2881 1304 2950 sit
1329 2880 1494 2949 entis
1524 2881 1718 2950 creati
1743 2880 1980 2954 habere
2006 2883 2263 2964 limites,
2297 2889 2364 2954 et
2392 2883 2472 2955 de
2493 2905 2607 2953 na·
2674 2900 2693 2920 ³

569 2987 718 3056 tura
738 2991 902 3063 entis
922 2990 1214 3065 habentis
1238 2991 1493 3073 limites.
1522 2990 1908 3085 ut-possibsse
1928 2992 2268 3085 situliquid
2285 2992 2426 3085 ipso
2443 3012 2598 3084 Per·

574 3096 848 3169 sectius:

659 3243 829 3316 013³.
856 3245 929 3317 3·
951 3240 1232 3319 Mundus
1258 3247 1367 3321 hic
1394 3256 1489 3321 est
1515 3248 1708 3343 plene
1734 3247 2080 3319 conformis
2106 3249 2270 3322 ideae
2304 3247 2541 3321 divinae
2580 3277 2597 3319 ε

568 3356 745 3445 atqui
798 3356 938 3427 hzoc
988 3365 1158 3430 certe
1212 3367 1307 3431 est
1345 3360 1797 3454 perfectissima
1821 3369 2032 3459 {ergo
2074 3363 2140 3434 et
2166 3359 2492 3449 2mundus'
2506 3366 2604 3431 est

571 3465 1084 3551 perfectissimus,

666 3605 750 3689 R.
776 3621 861 3687 D.
884 3622 1048 3709 Maj.
1077 3618 1358 3691 Mundus
1395 3627 1489 3691 est
1517 3621 1710 3715 plene
1737 3622 2084 3693 conformis
2113 3621 2278 3694 ideae
2315 3613 2550 3708 divina:
2574 3673 2593 3701 ‚

572 3736 621 3788 ι.
645 3738 707 3787 Θ.
736 3725 830 3787 est
845 3719 1002 3798 talis,
1033 3719 1237 3810 qualis
1264 3722 1331 3789 in
1355 3720 1493 3789 idea
1521 3719 1739 3791 divina
1756 3728 2270 3815 repraesentatur,
2297 3722 2373 3792 C.
2391 3723 2586 3810 Maj„

573 3828 620 3895 i.
650 3847 711 3897 e.
741 3833 837 3895 ‘est
858 3835 991 3897 tam
1018 3830 1355 3914 perfectus,
1390 3839 1591 3920 quam
1616 3831 1896 3922 perfecta
1920 3833 2020 3901 'est
2040 3821 2184 3901 idea
2208 3830 2424 3901 divina
2451 3832 2523 3899 in
2542 3852 2605 3896 se

487 3931 492 3934 ’
573 3955 688 4006 seu
715 3935 1028 4028 subjective
1047 3945 1340 4032 spectata,
1374 3939 1459 4013 Ν.
1484 3939 1653 4029 Maj.
1679 3946 1741 4010 et
1765 3943 1847 4011 D.
1886 3936 2235 4012 Min.·1dea
2271 3937 2486 4009 divina
2505 3937 2589 4010 de
