2988 4832
666 578 777 651 ¹2⁶·
797 578 971 654 Deus
996 584 1175 654 novit
1203 584 1426 671 omnia
1453 589 1664 682 mala.
1712 593 1777 654 et
1808 586 2159 679 potest-‘illa
2183 590 2482 658 amovere
2513 581 2618 656 vel

596 688 902 783 impedire
927 720 959 774 ς.
983 713 1138 784 ergo
1170 693 1294 761 nisi
1338 692 1545 784 reipsa
1572 700 1865 763 amoveat
1885 745 1905 773 ‚
1929 717 2207 764 ,summe
2245 695 2458 764 bonus
2488 692 2612 787 dici

598 800 837 891 nequit,
861 800 984 870 nisi
1008 806 1225 871 tamen
1240 851 1260 882 ,
1303 824 1395 871 ne.
1419 801 1559 871 aliis
1598 806 1824 871 noceat
1853 801 1907 881 (1
1916 801 1974 882 ἲ,
1997 801 2353 873 necessario
2381 801 2617 871 debeat

598 929 674 975 ea
696 928 831 977 non
851 906 1185 997 impedire.

542 1123 546 1127 ⁴
681 1050 836 1120 168.
887 1052 1120 1130 Conon.
1174 1050 1347 1141 Ergo
1414 1050 1479 1117 1⁰
1530 1047 1704 1118 Deus
1733 1070 1886 1119 nec
1933 1050 2018 1119 ad
2064 1052 2615 1121 manifestandam
2653 1070 2668 1094 ⁸

595 1179 778 1229 suam
810 1159 1158 1247 justitiam,
1206 1177 1327 1226 nec
1362 1157 1499 1225 ulla
1529 1157 1655 1225 alia
1702 1156 1783 1226 de
1810 1157 2001 1227 causa
2024 1165 2228 1249 ‘potest
2259 1160 2424 1229 velie
2459 1182 2617 1250 pec-

597 1268 809 1330 catum
845 1271 954 1330 aut
981 1268 1284 1331 voluntate
1324 1266 1693 1330 antecedenti
1728 1268 2069 1359 peccatoris
2098 1271 2375 1341 mortem
2403 1292 2421 1334 ι
2455 1271 2616 1333 atta·

593 1390 750 1441 men
777 1370 1221 1442 misericordiae
1248 1393 1383 1440 non
1414 1358 1792 1461 opponitur,
1837 1377 1908 1438 ut
1945 1370 2281 1461 peccatum
2316 1373 2618 1463 negative

596 1630 857 1682 constituat
878 1665 894 1693 ‚
924 1631 1141 1695 adeoque
1162 1635 1213 1682 et
1231 1632 1394 1695 ipsum
1412 1633 1510 1684 hoc
1530 1635 1720 1696 potius,
1761 1647 1914 1697 quam
1943 1632 2040 1683 alio
2060 1631 2209 1683 modo
2232 1631 2295 1682 ad
2315 1631 2472 1683 finem
2490 1631 2615 1682 ulti-

592 1715 736 1752 mum
754 1703 903 1753 totius
925 1703 1185 1752 creationis
1213 1704 1336 1754 velit
1360 1719 1671 1758 concurrere.
1713 1705 1850 1754 Sicut
1872 1705 2008 1754 enim
2025 1739 2041 1766 ,
2084 1717 2176 1754 cur
2204 1703 2426 1767 potentia
2443 1703 2617 1754 divina

592 1773 842 1822 muudum
868 1773 922 1822 iu
943 1775 1038 1823 hoc
1068 1774 1230 1836 potius
1251 1776 1408 1837 gradu
1439 1777 1736 1837 finitudinis,
1774 1790 1928 1836 quam
1967 1774 2022 1824 in
2056 1775 2153 1824 alio
2175 1777 2329 1837 creet,
2347 1773 2477 1824 ratio
2513 1775 2615 1825 alia

593 1843 734 1890 nulla
750 1843 939 1905 concipi
959 1847 1131 1909 potest,
1157 1858 1306 1906 quam
1328 1846 1583 1909 liberrima
1602 1847 1694 1896 Dei
1713 1848 1970 1908 voluntas3
2005 1845 2072 1903 ita
2100 1859 2132 1894 a
2152 1845 2279 1906 pari,
2307 1859 2397 1893 cur
2417 1845 2615 1896 bonitus

598 1915 768 1965 divina
795 1916 928 1965 inter
958 1917 1122 1966 finitos
1149 1916 1328 1979 gradus
1351 1918 1660 1979 perfectionis
1678 1921 1729 1968 et
1765 1917 2100 1979 beatitudinis,
2140 1917 2230 1979 qui
2253 1917 2345 1966 soli
2382 1919 2499 1966 sunt
2536 1917 2614 1967 ini

596 1985 847 2057 possibiles
868 2021 885 2049 ,
924 2001 1013 2049 pro
1055 1987 1257 2038 homine
1312 1989 1449 2036 hunc
1483 1989 1646 2050 potius
1661 2022 1679 2051 ,
1713 2001 1865 2050 quam
1904 1988 2049 2036 illum
2087 1988 2271 2051 eligat,
2311 1986 2436 2037 ratio
2472 1989 2614 2037 nulla

597 2054 760 2119 datur,
797 2071 949 2121 quam
970 2059 1224 2109 liberrima
1243 2059 1336 2108 Dei
1356 2060 1603 2112 voluntas.
1623 2059 1678 2110 ld
1695 2059 1817 2109 adeo
1837 2060 1996 2109 elucet
2012 2071 2074 2107 ex
2093 2059 2202 2120 ipsa
2222 2058 2491 2109 intrinseca
2514 2072 2611 2109 na·

596 2127 710 2177 tura
745 2126 1077 2180 beneficentiae
1093 2163 1111 2193 ,
1143 2143 1273 2192 quae,
1315 2133 1373 2179 ut
1404 2129 1732 2180 beneficentia
1769 2130 1847 2194 sit,
1892 2130 2049 2179 libera
2077 2129 2142 2179 sit
2160 2130 2369 2191 oportet.
2408 2127 2612 2180 Benefi-

555 2228 560 2233 -
597 2197 729 2249 cium
752 2201 886 2250 enim
914 2204 988 2251 est
1016 2201 1090 2263 id,
1134 2202 1264 2263 quod
1292 2200 1402 2263 quis
1441 2201 1513 2250 ita
1543 2201 1663 2267 dat,
1700 2203 1758 2251 ut
1775 2201 1822 2251 ei
1857 2200 2009 2250 etiam
2042 2200 2188 2250 liceat
2224 2213 2327 2249 non
2364 2198 2519 2263 dare3
2552 2203 2615 2251 ut

595 2274 726 2320 recte
747 2272 946 2320 adnotat
978 2273 1180 2324 Seneca.
1202 2272 1311 2322 Lib.
1337 2274 1384 2333 7,
1409 2285 1518 2334 cap.
1541 2274 1631 2325 19.
1645 2271 1717 2322 De
1744 2270 2002 2336 beneficiis,
2041 2271 2171 2320 Hinc
2189 2271 2346 2332 fit,'ut
2373 2270 2421 2319 ei
2441 2272 2612 2322 solum

595 2340 834 2403 benefico,
857 2343 947 2404 qui
967 2344 1122 2392 libere
1142 2343 1291 2405 possit
1307 2342 1604 2393 beneficium
1629 2338 1827 2407 negare,
1851 2349 1951 2392 'nos
1969 2341 2119 2392 etiam
2140 2342 2406 2391 sentiamus
2424 2342 2611 2406 obliga-

593 2415 668 2463 tos
688 2414 750 2463 ad
768 2418 966 2477 gratum
994 2414 1219 2464 animum
1242 2413 1578 2465 exhibendum
1597 2427 1614 2478 ;
1639 2414 1709 2465 ei·
1725 2428 1842 2464 vero
1861 2449 1879 2479 ,
1914 2413 2047 2476 quod
2078 2412 2351 2463 necessario
2373 2410 2505 2476 agit,
2534 2413 2613 2463 nti

593 2496 644 2533 v.
666 2500 716 2547 g.
731 2486 900 2535 currui
934 2486 1344 2549 atmodynamico‚
1362 2486 1450 2549 qui
1463 2499 1554 2536 nos
1573 2485 1803 2536 citissime
1820 2486 1884 2535 ab
1902 2498 2005 2535 uno
2022 2486 2129 2534 loco
2148 2486 2430 2549 in-alterum
2445 2487 2610 2535 trans-

595 2558 704 2619 fert,
731 2560 977 2619 repugnat
990 2558 1174 2619 gratias
1191 2558 1398 2608 referre.

610 2669 624 2676 «
652 2645 769 2695 Pari
790 2646 980 2694 ratione
1003 2646 1340 2709 argumentari
1358 2647 1475 2697 licet
1491 2637 1912 2698 ‹ie-misericordia¹
1932 2647 2046 2709 Dei,
2077 2660 2188 2710 quae
2210 2647 2273 2696 ad
2290 2644 2395 2708 ejus
2416 2645 2613 2697 bonita-

595 2719 699 2765 tem
718 2716 1036 2777 respectivam
1066 2717 1295 2778 pertinet.
1326 2717 1552 2781 Namque
1577 2719 1729 2768 etiam
1755 2718 2090 2771 misericordia
2110 2717 2237 2782 Dei,
2267 2721 2381 2768 utut
2413 2718 2611 2769 infinita

593 2787 648 2837 in
665 2800 736 2851 se,
761 2801 861 2854 non
884 2791 1041 2849 potest
1058 2791 1226 2839 tamen
1246 2789 1307 2839 ad
1327 2793 1466 2841 extra
1482 2802 1636 2843 omne
1659 2792 1848 2842 malum
1883 2804 1917 2841 ιι
1943 2790 2170 2841 creatura
2199 2791 2407 2854 tollere3
2452 2789 2609 2853 siqui·

593 2860 710 2909 dem
741 2859 902 2910 omnis
933 2861 1148 2911 derectus
1183 2860 1432 2911 ulterioris
1470 2861 1651 2925 gradus
1673 2862 1983 2923 perfectionis
2003 2864 2055 2911 et
2074 2860 2390 2910 beatitudinis
2414 2859 2479 2909 sit
2496 2873 2608 2909 ma·

592 2930 728 2997 lum,
758 2945 973 2982 'omnem
994 2936 1162 2983 autem
1182 2934 1426 2984 defectum
1456 2934 1767 2996 perfectionis
1796 2936 1846 2983 et
1865 2932 2183 2986 beatitudinis
2202 2932 2337 3000 Deus
2371 2933 2469 2983 hoc
2500 2932 2608 2996 ipso

593 3003 765 3055 tollere
787 3007 1015 3068 nequeat,
1040 3005 1172 3067 quod
1206 3018 1310 3054 non
1347 3005 1501 3066 possit
1529 3009 1807 3055 creaturam
1842 3006 1997 3053 ullam
2032 3004 2302 3066 producere
2339 3002 2607 3055 infinitam.

592 3073 722 3137 Ergo
743 3089 845 3125 non
874 3079 1026 3126 restat
1043 3075 1388 3126 misericordiae
1407 3076 1609 3138 divinae,
1629 3089 1781 3138 quam
1807 3075 1939 3125 inter
1958 3076 2119 3125 varios
2138 3074 2321 3138 gradus
2340 3076 2606 3126 malorum.

595 3146 774 3209 quibus
795 3150 1043 3196 creaturas
1075 3146 1204 3196 affici
1236 3147 1569 3196 necessarium
1588 3151 1697 3209 est,
1723 3160 1827 3211 seu,
1859 3146 1991 3208 quod
2025 3146 2079 3195 in
2098 3146 2231 3197 idem
2250 3146 2442 3208 recidit,
2476 3145 2609 3195 inter

593 3217 754 3267 varios
776 3219 1028 3281 possibiles
1048 3219 1229 3281 gradus
1253 3218 1563 3280 perfectionis
1584 3220 1636 3267 et
1650 3216 1980 3279 ,beatitudinis
1998 3230 2111 3267 eum
2130 3248 2150 3279 ,
2171 3228 2322 3277 quem
2342 3215 2497 3265 libere
2515 3229 2606 3266 vo·

593 3288 756 3353 luerit,
791 3290 971 3352 eligere
997 3303 1012 3338 z
1035 3293 1093 3338 ut
1112 3288 1234 3339 adeo
1256 3288 1407 3338 etiam
1427 3287 1765 3337 misericordia
1792 3288 1857 3337 sit
1886 3287 2160 3337 necessario
2180 3286 2338 3336 libera
2366 3286 2429 3335 ad
2447 3289 2603 3349 extra,

593 3359 663 3408 ita
682 3362 874 3422 tamen,
908 3359 1040 3408 utin
1060 3359 1295 3409 exercitio
1328 3360 1510 3408 actuali
1534 3359 1775 3422 dirigatur
1805 3360 2060 3409 sanctitate
2079 3370 2143 3407 ex
2171 3357 2275 3406 uua
2294 3360 2347 3406 et
2366 3356 2606 3419 sapientia

595 3442 657 3479 ex
671 3430 826 3480 altera
845 3433 984 3493 parte
1018 3430 1082 3480 ad
1099 3430 1266 3481 omnia
1287 3430 1621 3481 coordinanda
1641 3430 1715 3490 adl
1735 3431 1889 3481 finem
1907 3430 2025 3481 huic
2046 3427 2236 3479 mundo
2260 3442 2360 3490 proe
2400 3427 2605 3490 reliquis

593 3502 794 3551 mundis
827 3502 1135 3566 possibilibus
1169 3504 1323 3552 electo
1363 3502 1520 3552 libere
1540 3503 1820 3563 praefixum.
1840 3501 1981 3551 Unde
2002 3500 2113 3562 jam
2140 3499 2243 3549 sive
2279 3497 2605 3549 corollarium

593 3573 889 3630 subnexum,
919 3573 1021 3623 sive
1045 3587 1277 3636 responsa
1295 3574 1355 3623 ad
1377 3572 1675 3634 objectiones
1689 3576 1947 3637 sequentes
1966 3572 2105 3622 facile
2128 3570 2480 3638 intelligentur.

622 3709 627 3716 .
658 3663 726 3728 (1)
757 3664 883 3714 Vide
907 3680 957 3714 n.
995 3665 1084 3715 164
1111 3664 1172 3715 de
1188 3664 1380 3726 justitia
1396 3664 1507 3729 Dei;
1533 3666 1665 3715 uude
1684 3663 1943 3728 elucescit,
1969 3663 2198 3714 ordinem
2218 3660 2396 3712 inrhoc
2415 3662 2608 3711 mundo

595 3736 698 3783 tore
718 3736 931 3795 nullum,
954 3736 1171 3798 adeoque
1199 3748 1290 3785 nec
1311 3736 1473 3785 Deum
1491 3749 1608 3786 vere
1631 3736 1821 3786 bonum
1838 3748 1958 3799 erga
1987 3736 2143 3784 bonos
2164 3737 2214 3784 et
2232 3733 2441 3795 optimos
2456 3747 2607 3797 quos-

595 3820 711 3868 que,
730 3806 773 3856 si
799 3810 988 3857 certum
1008 3806 1292 3857 hominibus
1312 3811 1437 3857 esset
1455 3808 1700 3873 omnibus,
1732 3807 2046 3868 quantumvis
2069 3807 2228 3856 multa
2245 3809 2297 3855 et
2310 3817 2492 3869 magna
2507 3819 2608 3854 sce-

594 3879 701 3931 lera
720 3880 772 3929 et
790 3878 1000 3935 crimina
1022 3878 1394 3945 commisissent,
1421 3893 1617 3944 semper
1653 3893 1685 3929 a
1719 3878 1825 3931 Deo
1843 3892 1946 3932 esse
1971 3877 2291 3941 parcendum·
