2988 4832
1081 469 1090 477 ’
1223 480 1368 575 Γ367
1458 604 1461 607 Ἴ

980 726 1621 804 OBJECTIONES.

836 836 878 873 θ’

232 942 243 1042 ἶ
279 962 289 969 ’
386 975 536 1048 158.
584 975 754 1050 OBJ.
800 978 879 1050 In
924 979 1061 1053 Deo
1098 1005 1235 1055 non
1287 983 1473 1052 datur
1522 979 1740 1051 electio
1790 1005 1811 1053 ε
1860 956 2301 1051 οἷὲαὶἰοὲῆίιη

272 1081 554 1155 'involvit
595 1087 1110 1159 deliberationem
1155 1097 1218 1158 et
1273 1089 1632 1168 consilium,
1687 1087 1861 1179 quod
1903 1089 1975 1156 in
1997 1086 2152 1156 'Deo
2193 1110 2301 1155 re-

286 1194 573 1283 pugnat3
619 1216 772 1286 ergo
816 1218 953 1266 non
993 1202 1086 1266 est
1126 1197 1288 1266 liber
1334 1195 1416 1266 ad
1459 1192 1811 1265 volendum
1833 1200 1899 1264 et
1939 1191 2300 1283 nolendum

286 1304 465 1370 extra
501 1321 593 1372 se.

298 1452 301 1453 f
369 1448 463 1526 R.'
497 1453 587 1527 N.
629 1456 780 1529 Ant.
817 1460 974 1529 Rae.⁴
992 1457 1147 1527 add.
1183 1459 1349 1527 Dist.
1401 1456 1642 1526 Electio
1672 1456 1938 1526 involvit
1966 1456 2295 1527 delibera-

283 1560 524 1644 tionem
547 1566 612 1632 et
638 1563 977 1634 consilium
998 1565 1069 1633 in
1096 1564 1431 1633 intellectu·
1457 1571 1519 1631 et
1547 1564 1871 1633 voluntate
1894 1564 2292 1654 imperfecta.

286 1669 489 1759 qualis
506 1671 792 1740 humana
818 1679 930 1752 est,
962 1674 1144 1741 Cone.
1172 1670 1250 1741 In
1270 1672 1589 1741 intellectu
1613 1678 1677 1740 et
1699 1673 2024 1740 voluntate
2052 1674 2301 1743 infinite

283 1778 581 1867 perfecta,
614 1779 815 1869 qualis
849 1778 1064 1849 divina
1100 1785 1223 1858 est,
1260 1781 1416 1867 Neq.
1456 1779 1837 1847 Deliberatio
1858 1780 2036 1847 enim
2062 1801 2174 1849 seu
2202 1782 2303 1848 in·-

285 1885 534 1974 quisitio
560 1882 881 1955 rationum
911 1888 1110 1956 oritur
1135 1909 1212 1955 ex
1240 1886 1486 1956 defectu
1516 1886 1895 1979 cognitionis
1919 1914 1938 1968 ;
1970 1908 2125 1980 ergo
2147 1902 2302 1957 cum

286 1991 359 2060 in
392 1990 528 2060 Deo
564 1994 837 2083 cognitio
870 1994 948 2062 sit
989 1994 1124 2062 sine
1151 1996 1334 2063 omni
1358 1994 1667 2073 discursu,
1720 1994 1915 2062 etiam
1958 1994 2180 2063 electio
2227 1995 2301 2064 in

284 2092 420 2190 ipso
438 2098 685 2168 estsine
707 2101 888 2170 omni
907 2099 1388 2183 deliberatione3
1421 2103 1597 2171 unde
1622 2103 1709 2171 N.
1742 2103 1921 2171 Cons.
2043 2172 2048 2177 ,

294 2306 302 2310 -
363 2260 524 2327 Inst.
554 2258 635 2328 ‘1⁰
678 2258 745 2328 Si
791 2260 1008 2328 electio
1044 2260 1112 2326 in
1143 2259 1276 2326 Deo
1315 2265 1406 2325 est
1438 2260 1574 2326 sine
1610 2257 2082 2359 deliberatione,
2117 2255 2299 2326 Deus

285 2388 622 2456 nunquam
639 2388 773 2435 non
793 2366 912 2435 fuit
931 2364 1384 2436 determinatus
1405 2365 1487 2434 ad
1505 2385 1716 2434 unum
1738 2389 1755 2434 ε
1782 2363 1892 2433 sed
1911 2365 2021 2456 qui
2042 2385 2298 2456 semper
2377 2378 2382 2383 ·

279 2481 375 2543 est
398 2474 850 2543 determinatus
871 2474 954 2543 ad
975 2493 1207 2553 unum,
1236 2495 1370 2542 non
1391 2478 1484 2542 est
1505 2471 1671 2543 liber
1696 2503 1714 2556 ;
1740 2495 1896 2568 ergo
1905 2524 2038 2542 .....

365 2625 447 2696 R.
498 2629 570 2696 C.
606 2629 773 2715 Maj.
804 2628 903 2704 N.·
934 2631 1104 2699 Min.
1149 2626 1322 2697 Deus
1358 2625 1624 2719 quidem
1653 2650 1905 2720 semper
1944 2627 2063 2695 fuit
2087 2628 2298 2697 deter-

279 2735 556 2803 minatus
575 2733 657 2804 ad
676 2736 884 2816 idem:
913 2740 1007 2804 ast
1021 2734 1170 2804 inde
1193 2737 1655 2827 nonsequitur,
1684 2759 1838 2805 eum
1861 2757 1997 2803 non
2018 2734 2101 2804 ad
2123 2735 2298 2805 aliud

278 2842 550 2932 potuisse
579 2863 711 2911 esse
739 2841 1254 2911 determinatum.
1296 2841 1647 2931 Siquidem,
1671 2835 1799 2911 'etsi
1821 2864 1959 2913 non
2001 2841 2305 2935 determif

281 2950 604 3032 nationem
627 2948 710 3017 ad
732 2949 1055 3017 mundum
1079 2968 1232 3017 cum
1258 2947 1785 3018 determinatione
1808 2947 1893 3017 ad
1920 2945 2297 3017 non-mun-

280 3053 711 3135 dumstamen·
730 3054 1321 3126 determinationem
1344 3055 1661 3124 actualem
1687 3054 1771 3125 ad
1792 3055 2116 3124 mundum
2139 3077 2294 3124 cum

282 3162 557 3254 potentia
587 3162 669 3252 (1)
699 3163 1236 3234 determinationis
1268 3162 1350 3231 ad
1377 3162 1863 3233 non-mundum
1899 3163 2292 3251 conjungere

281 3273 504 3357 potest.
555 3263 742 3337 Unde

364 3409 521 3473 Dico
541 3430 563 3474 .·
594 3408 657 3476 1ο
690 3410 852 3473 Deus
889 3430 1114 3496 semper
1151 3408 1277 3495 fuit
1311 3407 1744 3474 determinatus
1782 3407 1869 3474 ad
1902 3408 2081 3473 idem.
2118 3386 2289 3474 Nam

280 3511 526 3601 zublata
545 3515 733 3584 causa
752 3514 1357 3586 indeterminationis
1390 3515 1633 3584 tollitur
1660 3521 1725 3583 et
1746 3511 2284 3586 indeterminatio.
2395 3514 2400 3520 '

302 3812 315 3819 -
346 3760 415 3829 (1)
442 3760 577 3814 Dum
592 3762 674 3814 hic
689 3761 799 3815 dico
812 3764 1048 3831 potentia,
1065 3764 1288 3830 intelligo
1309 3765 1700 3833 indifferentiam
1716 3764 1852 3815 actus
1875 3765 2029 3815 divini
2053 3766 2116 3815 ad
2137 3769 2284 3816 alter·

280 3846 454 3900 utrum
475 3844 747 3910 terminum
763 3860 852 3899 seu
876 3847 1341 3900 non-necessitatem
1356 3844 1621 3899 tendentioe
1641 3846 1778 3898 actus
1801 3846 1956 3898 divini
1976 3846 2031 3899 iu
2051 3843 2284 3897 determi-

285 3927 457 3974 natum
480 3925 772 3985 terminum.
