2988 4832
1258 539 1385 623 175

301 696 543 768 corpus
558 727 581 757 ‚
630 675 912 749 efficeret
956 636 1539 769 repraesentationes
1580 678 1647 745 et
1686 683 2069 749 sensationes
2098 693 2122 751 ε
2149 678 2326 783 atqui

297 783 429 873 hoc
455 790 550 856 est
569 784 923 858 absurdum
949 790 1015 857 et
1038 786 1167 867 olet
1188 781 1760 864 materialismumz
1792 806 2102 917 ergon&

389 919 475 994 R.
507 923 596 992 D.
622 920 791 1014 Mas.
822 919 1086 996 Materia
1114 919 1391 999 efficeret
1417 919 1901 1015 impressionem
1930 904 2326 996 materialem

298 1035 375 1100 et
401 1030 903 1100 commotionem
935 1031 1219 1121 aliquam
1244 1029 1315 1098 in
1340 1028 1564 1099 'nervis
1592 1031 1883 1101 sensoriis
1913 1034 1977 1101 et
2004 1030 2180 1103 fibris
2206 1056 2326 1104 ce·-

299 1132 480 1215 rebri
517 1141 828 1227 tanquam
868 1134 1190 1227 objectum
1213 1136 1796 1229 repraesentationis
1832 1144 1896 1211 et
1927 1138 2314 1221 sensationis,

309 1246 387 1341 C.
434 1245 604 1334 Maj.
650 1242 914 1315 Materia
943 1244 1218 1315 efficeret
1256 1242 1422 1339 ipsas
1464 1245 1849 1315 sensationes
1888 1269 2003 1317 seu
2040 1248 2326 1318 interna«

302 1352 541 1429 animae
581 1353 1036 1444 perceptiones,
1083 1357 1398 1443 quatenus
1438 1357 1812 1446 supponunt
1842 1360 2059 1423 actum
2091 1377 2327 1425 neces-

301 1460 468 1530 sario
508 1457 593 1528 ab
630 1459 976 1529 intrinseco
1005 1456 1590 1530 determinandum.
1631 1459 1722 1529 N.
1761 1458 1927 1545 Μαί.
1973 1457 2173 1549 Atqui
2197 1457 2327 1531 hoc

304 1566 612 1637 ultimum
640 1565 854 1637 solum
896 1565 1345 1637 materialismo
1384 1567 1661 1646 faveret3
1701 1587 1855 1655 ergo
1894 1565 1983 1635 N.
2013 1567 2185 1638 Min.
2227 1571 2304 1637 Ν
2299 1621 2340 1645 .

309 1676 490 1749 cons.
537 1674 794 1749 Scilicet
835 1680 1083 1771 objecta
1126 1685 1387 1750 externa
1433 1679 1678 1749 faciunt
1723 1674 2204 1769 impressionem
2251 1674 2325 1747 in

268 1854 271 1857 Α
303 1804 586 1876 organa3
618 1785 760 1856 haec
786 1789 1114 1882 impressio
1165 1786 1572 1861 materialiter
1611 1790 1998 1878 propagatur
2039 1781 2123 1852 ad
2163 1805 2325 1853 sen-

303 1891 545 1968 sorium
582 1908 955 1976 commune,
996 1900 1185 1986 atque
1213 1897 1302 1964 ita
1334 1894 1516 1989 quasi
1541 1893 1709 1963 intra
1745 1890 2061 1985 sphaeram
2099 1890 2325 1963 activiss-

305 1997 446 2067 tatis
464 2001 702 2071 animae
724 2003 960 2073 sistitur
980 2031 998 2084 ς
1035 2001 1210 2072 hanc
1235 2001 1385 2072 dein
1421 2000 1904 2093 impressionem
1937 2000 2155 2069 anima
2176 1992 2336 2072 actu¹

304 2104 647 2185 intrinseco
691 2108 975 2180 intuetur
1015 2117 1080 2180 et
1109 2134 1225 2203 per
1267 2132 1415 2181 eam
1451 2110 1773 2200 objectum
1807 2114 2142 2179 externum
2179 2132 2332 2209 per-¹

310 2210 479 2302 cipit.
508 2209 695 2283 Unde
724 2218 988 2287 materia
1012 2216 1095 2286 ad
1114 2217 1545 2312 perceptiones
1570 2215 1806 2284 animae
1825 2212 1891 2284 id
1915 2214 2125 2283 solum
2149 2237 2318 2305 prae-

309 2321 445 2398 stat,
476 2323 553 2387 ut
575 2319 897 2411 obJectum
921 2330 1258 2394 externum
1279 2347 1397 2418 per
1414 2314 1898 2418 impressionem
1925 2322 2328 2411 materialem,

308 2425 537 2499 animae
565 2432 950 2504 sufficienter
972 2455 1254 2526 praesens
1275 2433 1477 2505 sistat.

387 2570 551 2640 Imt.
605 2569 806 2662 Atqui
847 2569 915 2642 id
954 2572 1169 2664 ipsum
1213 2567 1485 2662 intelligi
1533 2569 1783 2661 nequit.
1843 2566 2016 2646 Nam
2068 2589 2332 2661 semper*

307 2673 552 2745 admitti
577 2675 784 2756 debet,
830 2677 1150 2769 objectum
1189 2699 1468 2772 praesens
1500 2676 1633 2747 sisti
1663 2699 1783 2770 per
1817 2678 2315 2747 commotionem

306 2778 585 2873 aliquam
630 2779 876 2854 cerebri
914 2811 934 2854 z
977 2785 1156 2877 atqui
1195 2783 1265 2855 id
1308 2783 1555 2855 admitti
1598 2786 1818 2875 nequit
1838 2811 1874 2867 ς
1905 2803 2088 2853 secus
2125 2780 2319 2874 huJus

309 2889 748 2960 commotionis
793 2892 1029 2962 conscii
1058 2914 1362 2974 essemus,
1404 2891 1858 3007 sciremuscpze,
1896 2911 2043 2984 quae
2077 2889 2322 2982 cerebri

299 3013 453 3091 pars
486 3002 558 3070 et
600 2999 925 3093 quomodo
967 3005 1334 3072 moveatur.¹

393 3132 479 3205 R.
510 3136 599 3206 D.
633 3134 804 3207 Min.
833 3137 1091 3228 Subspt.
1111 3132 1260 3206 Non
1285 3133 1700 3227 intelligimus
1726 3130 1795 3203 id
1816 3132 1993 3215 fieri‚'
2021 3130 2110 3204 N.
2142 3135 2322 3205 Min:

300 3242 550 3334 Subspt.
587 3241 739 3312 Non
775 3244 1191 3336 intelligImus
1215 3243 1486 3313 modum
1515 3243 1861 3323 intimum,
1898 3263 2026 3332 quo
2055 3240 2196 3319 fiat,
2237 3242 2310 3310 C.

302 3349 474 3423 Min.
510 3350 754 3441 Subspc.
784 3350 905 3423 Ast
929 3374 1009 3422 ex
1036 3374 1137 3432 eo,
1177 3351 1348 3444 quod
1385 3372 1522 3422 non
1554 3351 1987 3442 intelligamus
2022 3347 2314 3426 modum,

306 3478 435 3546 quo
461 3457 531 3527 id
557 3458 669 3538 fiat
687 3507 707 3539 ,
749 3481 883 3529 non
911 3461 1193 3550 sequitur
1215 3510 1232 3539 ‚
1269 3460 1356 3528 ita
1384 3481 1520 3528 non
1542 3458 1720 3536 fieri,
1764 3478 1918 3526 cum
1940 3459 2324 3546 argumenta

309 3583 443 3634 non
473 3563 944 3637 contemnenda
971 3575 1034 3636 et
1059 3565 1445 3637 invincibilis
1470 3564 1797 3636 inclinatio
1825 3561 2011 3635 nohis
2045 3582 2322 3656 persua-

312 3667 499 3750 deant
529 3672 850 3743 influxum
880 3675 1247 3765 physicum.
1278 3672 1448 3746 Dein

399 3818 478 3891 0.
509 3819 681 3909 Μαί.
728 3821 818 3891 N.
851 3822 1020 3892 Min.
1071 3829 1136 3892 et
1184 3825 1333 3892 Rat.
1378 3822 1582 3891 addit.
1620 3822 1706 3890 D.
1743 3818 2041 3890 Essemus
2084 3818 2322 3891 conscii

316 3925 502 4020 hujus
538 3929 984 4009 commotionis
1004 3983 1023 4014 ,
1044 3915 1116 4002 'si
1143 3931 1323 4014 illam
1353 3930 1526 4001 clare
1563 3934 1630 4000 et
1654 3926 1942 4002 distincte
1971 3929 2323 4025 percipere-
