2988 4832
626 578 725 633 ras
748 554 775 643 ζ’
802 568 1135 659 prototypa
1185 587 1302 660 per
1339 558 1653 659 imagines
1706 557 2194 656 intelligantur:
2229 582 2365 636 non
2409 557 2643 634 sufficit

623 670 946 763 percipere
970 675 1400 765 solumssvoces
1433 676 1540 744 vel
1568 675 1806 744 litteras
1844 678 1954 742 aut
1981 673 2297 773 imagines
2321 723 2340 751 ,
2376 672 2486 741 sed
2526 695 2641 742 re-

623 781 893 870 quiritur
913 832 931 859 ,
965 787 1038 850 ut
1062 805 1262 851 nexus
1281 783 1448 852 inter
1471 804 1660 852 voces
1694 787 1757 851 et
1776 780 1945 850 ideas
1967 830 1988 860 ,
2022 781 2207 867 ,inter
2233 780 2548 870 imagines
2576 784 2643 848 et

620 894 951 981 prototypa
994 890 1379 982 percipiatur
1423 917 1440 958 ε
1482 897 1548 959 et
1576 912 1727 959 cum
1753 909 1953 958 nexus
1973 890 2215 980 percipi
2236 910 2370 956 non
2398 887 2593 978 possit
2617 878 2636 965 ζ

622 996 780 1085 quin
808 996 1237 1067 terminorum
1255 1048 1279 1079 ‚
1307 999 1420 1089 qui
1435 1003 1815 1078 nectuntur.
1847 995 2072 1065 saltem
2100 994 2390 1085 aliqualis
2411 995 2644 1063 habea-

625 1107 727 1171 tur
755 1105 974 1172 notitia
989 1157 1006 1184 ‚
1035 1107 1378 1195 requiritur
1398 1158 1419 1186 ,
1467 1107 1693 1176 saltem
1730 1106 1965 1176 directa
1989 1153 2009 1183 ,
2055 1105 2229 1172 notio
2250 1104 2441 1172 etiam
2462 1106 2600 1194 ejus
2618 1156 2638 1183 ,

623 1210 792 1298 quod
824 1232 939 1301 per
974 1233 1160 1282 voces
1205 1212 1310 1282 vel
1334 1212 1574 1283 litteras
1594 1218 1704 1281 aut
1731 1234 1848 1305 per
1873 1209 2187 1302 imagines
2223 1208 2640 1300 significatur.

619 1313 789 1388 Hinc
817 1321 1238 1411 applicatione
1254 1320 1424 1391 facta

709 1464 772 1555 a)
799 1463 888 1535 Ut
907 1467 1069 1536 ratio
1097 1468 1168 1536 in
1194 1467 1387 1537 rebus
1409 1467 1634 1536 creatis
1656 1470 1722 1536 et
1738 1488 1855 1558 per
1875 1484 1983 1535 eas
2016 1469 2356 1557 cognoscat
2398 1464 2644 1538 divinas

618 1572 1034 1663 perfectiones
1061 1626 1077 1651 ,
1133 1568 1401 1642 necesse
1424 1579 1520 1642 est
1543 1624 1560 1652 ,
1602 1578 1678 1640 ut
1704 1571 2010 1665 percipiat
2053 1594 2131 1641 ex
2152 1572 2291 1639 una
2331 1577 2512 1661 parte
2538 1594 2643 1643 res

616 1679 786 1771 ipsas
813 1686 1053 1750 creatas
1082 1685 1391 1771 tanquam
1419 1702 1607 1749 voces
1626 1681 1732 1748 vel
1761 1680 2001 1750 litteras
2031 1683 2144 1748 aut
2174 1678 2492 1769 imagines
2515 1683 2554 1758 ,²
2580 1683 2646 1748 et

618 1780 700 1857 ex'
716 1780 915 1857 altera
934 1792 1114 1879 parte
1128 1782 1159 1867 ’ζ
1198 1794 1273 1855 ut
1295 1787 1568 1857 absoluti
1590 1788 1900 1856 directam
1925 1786 2154 1856 saltem
2175 1792 2240 1854 et
2265 1785 2645 1878 implicitam

618 1893 832 1964 ideam
859 1894 1225 1964 immediate
1253 1894 1509 1964 habeat.
1559 1895 1771 1984 Atque
1825 1895 1914 1963 ita
1948 1895 2059 1962 fiet
2079 1944 2099 1970 ,
2151 1897 2224 1960 ut
2265 1902 2378 1961 ‘res
2420 1899 2646 1966 creatae

616 1991 969 2072 intellectui
998 2004 1126 2071 sint
1158 2003 1400 2073 occasio
1434 2002 1840 2093 acquirendae
1866 2000 2026 2070 ideae
2057 1999 2328 2097 absoluti
2348 2001 2596 2089 refleoeoe
2617 2051 2638 2080 ‚

615 2113 681 2177 et
704 2109 990 2200 ejusdem
1029 2109 1178 2179 dein
1205 2110 1574 2180 evolvendae
1623 2114 1685 2179 et
1717 2106 2119 2200 perficiendae
2150 2111 2215 2174 et
2257 2097 2646 2177 suh'ffiultii-

615 2215 770 2306 plici
795 2223 1085 2307 respectu
1120 2216 1627 2309 contemplandae
1651 2268 1667 2295 ,
1722 2221 1786 2284 et
1806 2220 1878 2282 ut
1898 2215 2174 2283 vicissim
2211 2213 2352 2282 idea
2372 2214 2647 2288 absoluti

615 2322 928 2415 implicita
958 2324 1037 2394 sit
1068 2346 1297 2394 norma
1321 2377 1336 2403 ‚
1375 2346 1490 2415 per
1529 2344 1726 2414 quam
1771 2321 1971 2390 solam
2000 2322 2356 2391 intellectus
2389 2326 2645 2415 proprie

615 2431 851 2530 dictam
873 2433 1304 2525 cognitionem
1328 2454 1551 2502 rerum
1589 2433 1869 2500 formare
1897 2432 2114 2523 possit.
2156 2429 2310 2500 Sine
2349 2432 2426 2500 ea
2463 2432 2642 2500 enim

613 2541 1042 2608 sensationem
1070 2541 1333 2630 quidem
1353 2562 1577 2609 rerum
1602 2590 1621 2619 ‚
1657 2560 1793 2607 non
1824 2545 2042 2628 autem
2067 2539 2499 2630 cognitionem
2520 2561 2644 2607 un-

618 2665 817 2736 quam
842 2646 1145 2725 haberem
1181 2646 1343 2714 sicut
1372 2646 1641 2714 omnino
1667 2647 1932 2741 ignarus
1968 2644 2338 2723 Matheseos,
2377 2646 2430 2714 si
2459 2647 2641 2737 figu-

614 2750 1042 2839 ram'ncirculi
1078 2758 1227 2823 ante
1271 2752 1490 2844 oculos
1535 2751 1766 2821 habeat
1787 2805 1804 2833 ,
1863 2753 2288 2823 sensationem
2320 2753 2587 2843 quidem
2618 2804 2636 2831 ,

616 2860 876 2953 qualem
899 2865 964 2929 et
990 2860 1179 2931 bruta
1206 2860 1443 2932 habere
1470 2867 1738 2951 possunt
1762 2913 1781 2941 ,
1833 2866 1930 2933 ast
1956 2882 2296 2956 nunquam
2332 2851 2657 2954 cognitio-'

615 2992 771 3040 nem
792 2969 1018 3038 circuli
1036 2970 1321 3040 habebit.
1364 2968 1579 3042 Unde„
1775 2966 1782 2970 ⁴

702 3119 923 3186 Radia,-
951 3119 1217 3186 rationis
1242 3129 1330 3183 est
1375 3116 1517 3183 idea
1560 3113 1824 3182 absoluti
1860 3137 1964 3184 seu
2001 3131 2099 3185 τοῦ
2128 3137 2247 3182 esse
2282 3100 2647 3202 simpliciter

614 3226 940 3315 subjectiva
964 3238 1020 3293 et
1048 3225 1340 3313 objectiva
1370 3224 1454 3314 (1)
1526 3249 1544 3291 :
1592 3245 1704 3291 seu
1748 3222 1908 3290 ratio
1931 3221 2356 3290 ‘constituitur
2402 3221 2472 3287 in
2510 3240 2645 3288 esse

618 3331 877 3401 rationis
902 3353 1018 3423 per
1039 3331 1165 3400 hoc
1187 3383 1204 3412 ,
1235 3336 1308 3399 ut
1335 3318 1523 3399 mens
1548 3333 1775 3421 praeter
1809 3314 2172 3397 facultatem
2198 3328 2512 3397 sentiendi
2539 3349 2645 3397 su-

617 3438 924 3510 blimetur
950 3433 1044 3507 'ad
1101 3438 1449 3530 potentiam
1489 3435 1783 3508 intuendi
1837 3435 2200 3507 immediate
2245 3434 2634 3514 absolutum,

676 3693 752 3761 (1)
779 3694 969 3749 Exinde
989 3696 1212 3764 sequitur
1228 3732 1244 3760 ,
1285 3696 1631 3760 empirismum
1664 3708 1754 3747 seu
1773 3694 1925 3746 illam
1951 3693 2245 3758 doctrinam,
2267 3706 2439 3745 omnes
2457 3667 2641 3745 nostre!

617 3775 923 3840 cognitiones
959 3789 1250 3842 persensus
1285 3778 1494 3843 acquiri,
1521 3777 1851 3828 contradicere
1876 3776 1971 3840 ipsi
1998 3778 2092 3827 tini
2111 3776 2369 3827 creationis
2386 3811 2403 3839 ,
2432 3778 2483 3825 et
2514 3774 2569 3824 in
2584 3788 2635 3826 se

617 3856 970 3984 ἔιὲῃοὶεδὶξίῑεω
988 3873 1106 3913 esse.
1141 3860 1342 3920 Confer.
1369 3859 1543 3929 Psyclae.
1566 3861 1674 3918 liat.
1703 3860 1836 3919 Sect.
1865 3858 1931 3915 11.
1966 3857 2087 3925 Gap.
2109 3861 2160 3913 2.
2202 3858 2353 3922 Prop.
2389 3856 2433 3908 1.
2453 3856 2563 3914 Art,
2586 3857 2636 3905 2.

688 3942 735 3991 3·
851 3964 865 3980 ·
1671 3971 1678 3980 .
