2988 4832
1322 483 1456 560 299

466 605 633 682 Inte.
673 607 736 680 1·
767 607 1054 685 Libertas
1081 615 1174 683 est
1201 611 1382 707 origo
1410 618 1860 708 peecatorum:
1893 618 2045 706 erge
2072 597 2397 688 mdabat:

377 718 555 808 atqui
582 718 830 790 malum
853 742 891 791 a
913 719 1050 791 Deo
1074 718 1247 792 bono
1267 722 1606 813 provenire
1627 723 1850 813 nequit
1869 750 1886 802 ;
1915 735 2175 813 ergo...‘

467 859 548 933 R.
595 865 681 934 D.
717 865 885 954 Μαί.
927 859 1218 935 Libertas
1258 871 1354 935 est
1397 863 1577 960 origo
1605 872 2043 959 peecatorum,
2091 872 2401 960 quatenus

373 977 712 1064 peceatum
756 975 1058 1067 supponit
1086 974 1470 1055 libertatem,
1511 977 1583 1044 C.
1619 976 1790 1064 Μαί.
1828 975 2155 1057 Quatenus
2182 998 2406 1046 essen-

372 1078 602 1149 tialiter
631 1101 785 1149 eum
818 1086 1078 1174 peccato
1118 1084 1541 1164 connectitur,
1579 1082 1667 1152 Ν.
1712 1081 1879 1171 Maj.
1924 1081 2210 1153 Libertas
2236 1084 2307 1153 in
2336 1105 2405 1154 se

374 1185 768 1282 eonsiderata
814 1212 949 1259 non
999 1196 1091 1259 est
1135 1192 1314 1284 origo
1354 1195 1804 1283 peccatorum;
1841 1188 1950 1259 sed
1981 1211 2134 1259 eum
2166 1192 2237 1260 in
2273 1190 2428 1259 ho-'

372 1294 549 1363 1‘nine
599 1317 733 1365 non
782 1297 973 1390 possit
1022 1320 1155 1367 esse
1208 1299 1683 1391 perfectissima,
1743 1296 1921 1377 ideo,
1980 1302 2052 1365 ut
2110 1296 2402 1367 observat

372 1397 444 1467 S.
476 1399 676 1494 Aug„
711 1404 1060 1473 necessario
1091 1407 1505 1497 conjungitur
1534 1427 1686 1473 eum
1707 1406 2115 1495 possibilitate
2149 1406 2402 1485 abusam

372 1507 485 1578 sed
528 1511 899 1602 possibilitas
947 1512 1187 1581 abusus
1230 1535 1365 1582 non
1414 1513 1765 1582 neeessarIO
1811 1512 2210 1582 eonnectitur
2250 1535 2403 1587 eum

372 1617 603 1687 actuali
636 1618 864 1689 abusu.
894 1615 1082 1688 Unde
1125 1615 1297 1687 Deus
1352 1618 1546 1698 dedit,
1597 1617 1770 1712 quod
1793 1618 2045 1689 bonum
2081 1624 2195 1702 est,
2245 1619 2293 1690 i.
2338 1643 2401 1689 e.

368 1724 757 1804 libertatem,
794 1724 1100 1816 illamque
1142 1724 1343 1805 dedit,
1384 1731 1576 1819 prout
1611 1725 1682 1795 in
1708 1727 1972 1795 homine
2001 1748 2135 1797 esse
2163 1732 2399 1822 potest,

370 1835 661 1915 finitam3
710 1833 985 1903 abusum
1030 1839 1271 1914 autem,
1325 1856 1403 1902 ex
1446 1855 1576 1924 quo
1624 1839 1957 1925 peccatum
1999 1835 2220 1913 oritur,
2269 1855 2402 1904 non

371 1940 565 2009 dedit.
593 1941 709 2010 Ast
726 1942 1099 2032 possibilitas
1121 1940 1358 2010 abusus
1378 1940 1735 2009 libertatem
1753 1963 1888 2010 non
1906 1941 2111 2010 reddit
2132 1941 2396 2020 malam,
2423 1976 2431 1982 ·

374 2048 486 2116 sed
513 2048 655 2117 haee
688 2050 903 2127 etiam,
939 2053 1130 2141 prout
1168 2050 1237 2116 in
1263 2046 1529 2117 homine
1557 2054 1671 2126 est,
1704 2048 1879 2117 bona
1908 2055 2042 2130 est3
2088 2048 2402 2139 siquidem

368 2158 569 2227 homo
599 2179 854 2250 semper
889 2160 1084 2249 possit
1111 2157 1186 2225 esi
1209 2157 1375 2224 bene
1402 2156 1522 2227 uti.
1555 2154 1662 2225 Sic
1693 2154 1940 2248 gladius
1972 2155 2182 2226 bonus
2206 2160 2301 2226 est
2321 2155 2402 2224 ad

368 2268 591 2357 patriae
622 2264 1083 2342 defensionem,
1128 2285 1249 2332 nee
1287 2263 1430 2333 ideo
1463 2263 1536 2332 fit
1567 2263 1777 2332 malus
1814 2264 1885 2332 in
1925 2284 2023 2342 se,
2072 2263 2126 2336 si
2156 2263 2299 2354 quis
2325 2286 2417 2336 eo·

368 2379 587 2444 utatur
629 2373 712 2443 ad
758 2373 1143 2443 occisionem
1182 2371 1583 2454 innocenti-53
1632 2369 1880 2466 gladius
1912 2369 2090 2442 enim
2113 2390 2268 2475 “non
2311 2375 2403 2443 est

373 2482 498 2553 nisi
531 2503 742 2582 eausa&
759 2480 1285 2558 instrumentalis,
1330 2481 1437 2585 eui
1475 2486 1655 2549 aetus
1692 2502 1828 2549 non
1864 2481 2247 2577 imputatur,
2293 2478 2396 2549 sed

371 2591 593 2684 agenti
692 2610 697 2617 ·

336 2735 340 2738 ’
457 2739 621 2806 Inst.
682 2737 753 2805 2·
799 2737 1042 2808 Saltem
1085 2736 1343 2806 libertas
1391 2759 1543 2806 eum
1598 2735 1832 2805 actuali
1879 2706 2084 2805 abusu
2128 2738 2402 2827 spectata

373 2845 547 2915 mala
587 2851 681 2916 est
718 2873 735 2914 ε
773 2846 949 2936 atqui
997 2844 1266 2935 spectari
1309 2842 1494 2910 debet
1544 2842 1614 2909 in
1659 2842 1927 2909 homine
1977 2863 2131 2910 eum
2181 2841 2414 2915 actuali

374 2953 577 3024 abusu
600 2983 619 3037 3
657 2976 810 3046 ergo
838 2957 1029 3046 prout
1056 2957 1149 3019 est
1175 2956 1247 3019 in
1274 2950 1559 3027 homine,
1592 2953 1685 3016 est
1710 2946 1904 3015 mala.

339 3146 345 3152 ·
415 3198 420 3203 Ι
459 3109 544 3181 R.
591 3111 679 3178 D.
727 3110 895 3196 Maj.
947 3106 1235 3177 Libertas
1272 3127 1427 3175 eum
1468 3104 1700 3175 actuali
1742 3102 1946 3173 abusu
1983 3106 2076 3171 est
2120 3101 2293 3173 mala
2331 3105 2401 3169 in

378 3239 552 3286 sensu
576 3217 912 3305 composito,
955 3216 1065 3284 Tr.
1101 3216 1269 3301 Maj.
1310 3216 1392 3280 In
1427 3235 1604 3281 sensu
1631 3213 1848 3291 divise,
1909 3211 1998 3279 N.
2037 3211 2204 3298 Maj.
2238 3211 2403 3276 Dein
2538 3238 2545 3245 ·

376 3328 466 3399 N.
507 3325 695 3393 etiam
726 3323 897 3392 Min.
930 3319 1102 3391 Nam
1133 3321 1303 3400 lieet,
1343 3320 1398 3390 si
1429 3319 1665 3391 abusus
1696 3318 1958 3388 actualis
1992 3315 2299 3387 libertatis
2332 3315 2401 3383 in

375 3455 445 3502 se
485 3433 831 3524 spectetur,
868 3434 1047 3501 actus
1087 3433 1255 3498 totus
1285 3428 1496 3496 malus
1532 3432 1653 3507 est,
1690 3426 2195 3498 libertas'tamen
2225 3424 2400 3493 divi-

377 3541 496 3611 sim
516 3538 598 3607 ab
621 3542 768 3606 actu
792 3534 1028 3607 abusus
1049 3536 1235 3607 datur
1261 3556 1301 3606 a
1324 3533 1484 3612 Deo,
1513 3556 1591 3603 ae
1617 3533 1883 3627 proinde
1910 3532 2184 3624 spectata
2209 3534 2399 3626 prout

378 3647 565 3743 datur
591 3667 629 3714 a
662 3644 820 3723 Dee,
867 3666 1117 3736 semper
1147 3643 1316 3713 bona
1350 3647 1468 3711 est.

466 3793 624 3858 Imt.
657 3789 725 3858 3⁰
756 3787 882 3870 Qui
911 3788 1018 3857 dat
1047 3788 1315 3863 donum,
1355 3786 1529 3855 unde
1558 3785 1809 3881 mal-um
1837 3786 2166 3878 recipienti
2197 3783 2400 3876 scqui-

375 3906 505 3977 tur,
543 3919 673 3967 non
705 3902 799 3970 est
830 3895 1037 3969 honus
1068 3923 1083 3967 ε
1111 3897 1428 3984 atqui....;
1463 3914 1729 3984 orgum.

1936 3976 1975 4005 N
