2988 4832
519 562 550 588 '¹
586 553 807 624 Gloria
841 576 991 623 vero
1023 556 1362 622 extrinseca
1402 553 1497 622 est
1520 550 1705 621 idem
1720 550 1883 620 illud
1892 594 1897 597 ,
1900 547 2218 642 judicium
2245 547 2326 618 de
2354 565 2510 618 nos-

503 664 607 734 tris
624 663 812 734 bonis
846 662 929 732 ab
950 663 1087 733 aliis
1107 663 1371 741 sactum,
1404 659 1635 750 quibus
1657 664 1827 728 certo
1843 659 2087 728 constet
2113 676 2192 725 ex
2212 654 2504 726 actioni-

500 770 618 840 bus
644 770 875 840 nostris
903 821 921 849 ,
986 770 1099 839 illa
1139 769 1310 837 bona
1338 765 1522 835 nobis
1553 766 1755 835 inesse
1778 792 1797 847 ;
1847 765 1977 833 illae
2024 782 2182 855 ergo
2227 761 2509 833 actiones

502 882 733 947 nostrae
758 878 1150 964 manifestant
1177 876 1444 964 qloriam
1480 884 1756 941 nostram
1780 873 2177 940 intrinsecam
2194 920 2216 950 ,
2275 873 2341 938 et‘
2357 867 2511 960 1un

501 983 657 1052 ratio
684 982 1025 1062 sufficienS,
1074 1003 1191 1051 cur
1223 981 1365 1050 haec
1392 979 1475 1048 ab
1502 979 1641 1048 aliis
1672 983 2109 1071 cognoscatur,
2141 989 2515 1068 *promovent

500 1092 762 1178 qloriam
792 1091 1215 1158 extrinsecam.
1239 1086 1443 1167 ,Unde
1467 1087 1675 1174 qloria
1701 1087 1822 1154 Dei
1845 1087 2194 1156 extrinseca
2227 1089 2322 1159 est
2340 1083 2516 1161 idem.

500 1195 605 1266 ille
628 1197 989 1289 complexus
1009 1195 1369 1265 divinarum
1387 1194 1872 1287 perfectionum,
1895 1196 2215 1284 quatenus
2236 1192 2319 1263 ad
2339 1200 2516 1264 extra

503 1303 905 1373 manifestatae
934 1304 1015 1373 ab
1042 1304 1178 1373 aliis
1205 1303 1350 1394 plus
1365 1303 1658 1372 minusve
1682 1307 2155 1394 cognoscuntur
2186 1306 2252 1373 et
2273 1324 2504 1377 aman-

503 1414 630 1480 tur.
666 1409 781 1480 His
802 1411 1137 1504 praemissis
1161 1411 1238 1480 sit
1266 1436 1285 1480 ι

588 1578 972 1662 39.·PROP.
1007 1590 1062 1661 Ι.
1108 1591 1290 1688 Εωιε-
1321 1611 1426 1662 nm
1478 1611 1765 1671 camuris
1809 1615 2064 1664 nonnum
2113 1611 2222 1663 nsr
2274 1611 2489 1664 emma

507 1720 637 1769 mos
655 1720 1021 1780 mrumsem,
1053 1720 1161 1769 sno
1190 1720 1556 1771 Ennomon
1577 1721 1924 1770 menn-ris
1950 1723 2200 1771 mvnw.

591 1859 780 1926 Proh.
817 1856 883 1925 1⁰
912 1855 1087 1926 Finis
1114 1856 1429 1950 operantis
1450 1877 1703 1950 semper
1723 1855 1910 1928 debet
1929 1878 2063 1928 esse
2091 1857 2350 1950 aliquod
2382 1858 2512 1928 bo-

509 1986 691 2035 num.
713 1961 887 2032 Nihil
917 1964 1093 2033 enim
1126 1966 1337 2057 appeti
1356 1969 1558 2059 potest
1585 1965 1667 2034 ab
1699 1971 1846 2035 ente
1872 1965 2292 2059 intelligente,
2344 1967 2516 2058 quod
2548 1986 2552 1995 ’

508 2073 749 2141 honum
778 2093 911 2142 non
940 2071 1061 2143 sit:
1096 2093 1277 2142 secus
1311 2078 1633 2165 appeteret
1664 2073 1849 2154 nihil,
1894 2095 2048 2144 cum
2070 2075 2280 2144 omnis
2313 2073 2514 2144 reali-

473 2219 483 2229 ·
511 2185 599 2246 tas
625 2176 860 2270 aliquid
883 2176 1039 2247 boni
1057 2229 1075 2258 ,
1121 2183 1186 2247 et
1216 2179 1386 2274 §olus
1415 2179 1693 2249 deiectus
1737 2179 2032 2251 realitatis
2063 2204 2176 2250 scu
2223 2181 2513 2251 nihilum

509 2286 753 2357 malum
764 2284 854 2372 [sit
885 2285 995 2377 (1).
1031 2283 1219 2356 Unde
1242 2287 1333 2355 sic
1363 2311 1382 2354 t
1416 2286 1741 2380 Quidquid
1767 2294 1859 2357 est
1882 2289 2236 2382 appetibile,
2271 2295 2364 2357 est
2395 2310 2516 2380 ap-

508 2395 755 2487 petibile
783 2395 887 2465 vel
916 2395 1157 2464 ratione
1186 2395 1330 2475 sui,
1355 2395 1461 2464 vel
1484 2395 1728 2466 ratione
1770 2394 1967 2465 medii
2003 2395 2085 2466 ad
2106 2395 2281 2466 aliud
2310 2423 2327 2466 z
2357 2418 2514 2484 ergo

510 2503 679 2574 Deus
703 2491 1023 2572 mundum
1047 2503 1151 2573 vel
1175 2503 1419 2572 ratione
1448 2504 1582 2582 sui,
1619 2505 1666 2573 i.
1695 2526 1757 2574 e.
1792 2504 2021 2573 mundi
2045 2556 2061 2582 ,
2109 2504 2216 2574 vel
2263 2503 2514 2573 ratione

510 2611 703 2682 medii
726 2609 928 2680 voluit
952 2635 970 2680 z
990 2610 1165 2701 atqui
1195 2609 1369 2680 Deus
1389 2632 1525 2679 non
1553 2612 1753 2681 voluit
1781 2610 2104 2680 mundum
2124 2610 2368 2681 ratione
2387 2612 2511 2679 sui.

510 2718 847 2788 Existentia
871 2718 1048 2787 enim
1073 2718 1307 2796 mundi
1325 2725 1615 2810 respectu
1636 2718 1756 2789 Dei
1789 2719 1954 2789 nihil
1977 2718 2134 2789 boni
2152 2720 2226 2789 in
2253 2741 2320 2790 se
2349 2737 2519 2789 con-

511 2826 665 2894 tinet
691 2852 708 2894 :
744 2847 895 2894 cum
914 2846 1093 2896 secus
1106 2822 1270 2895 onte'
1287 2828 1423 2917 eJus
1441 2827 1834 2898 existentiam
1859 2849 1994 2897 non
2016 2828 2234 2896 fuisset
2262 2847 2516 2896 summe

512 2933 716 3002 bonus
743 2933 984 3025 sibique
1013 2934 1598 3005 sufficientissimus·
1644 2934 1816 3026 Ergo
1863 2933 2036 3005 Deus
2081 2934 2282 3004 voluit
2309 2955 2515 3004 mun-

511 3040 667 3109 dum
692 3045 766 3109 ut
796 3041 1083 3112 medium
1108 3042 1192 3111 ad
1222 3044 1424 3112 finem
1458 3069 1475 3111 ε
1510 3044 1688 3133 atqui
1733 3043 1952 3112 nullus
1998 3042 2160 3110 alius
2194 3040 2342 3111 finis
2379 3038 2514 3109 Deo

429 3203 434 3208 .
511 3147 740 3238 dignus
763 3168 898 3216 esse
918 3153 1152 3239 potest,
1190 3150 1312 3218 nisi
1331 3148 1506 3219 Deus
1524 3150 1702 3241 ipse,;
1738 3171 1892 3241 ergo
1916 3149 2063 3217 finis
2088 3147 2210 3218 Dei
2242 3149 2514 3221 creantis

429 3303 430 3306 ,
510 3259 603 3323 est
620 3252 793 3326 Deus
810 3255 941 3349 ipse
967 3275 1080 3324 seu
1099 3256 1303 3350 gloria
1329 3260 1465 3349 eJus
1491 3256 1856 3327 intrinseca.
1882 3254 1977 3328 Et
2007 3277 2162 3330 vero

513 3520 885 3585 perfectionibus
904 3522 1104 3578 realiter
1121 3540 1222 3579 non
1240 3526 1317 3577 'sit
1337 3528 1562 3581 distincta
1577 3566 1593 3592 ,
1630 3530 1829 3581 realiter
1847 3532 2059 3594 spectata
2081 3534 2156 3582 est
2171 3534 2272 3583 tota
2291 3530 2384 3585 Dei
2405 3532 2509 3597 glo-

512 3593 589 3645 ria
605 3593 884 3647 intrinseca.
929 3597 1057 3650 Hinc
1076 3600 1198 3649 dum
1219 3599 1371 3650 finem
1393 3601 1485 3651 Dei
1507 3604 1714 3653 creantis
1737 3604 2018 3665 reponimus
2035 3603 2090 3653 in
2107 3604 2337 3655 exercitio
2360 3604 2509 3656 liber·

515 3663 625 3715 tatis
662 3678 748 3717 teu
784 3667 1083 3736 inxlibertnte
1110 3670 1204 3721 Dei
1229 3673 1498 3723 necessario
1529 3674 1584 3724 in
1614 3678 1725 3725 actu
1757 3674 1939 3740 posita,
1962 3678 2092 3727 recte
2112 3675 2334 3745 dicimus,
2357 3676 2507 3737 finem

515 3735 604 3796 Dei
622 3739 868 3802 operantis
889 3741 945 3793 in
964 3744 1175 3799 creando
1200 3744 1387 3798 mundo
1416 3758 1523 3798 esse
1548 3746 1758 3811 gloriam
1777 3747 1872 3799 Dei
1893 3748 2224 3811 intrinsecam·

576 3825 648 3895 (1)
667 3827 830 3885 omot.
851 3829 985 3884 Part.
1004 3832 1049 3887 1.
1072 3831 1192 3898 Cap.
1216 3834 1263 3887 ὅ.
1286 3834 1451 3909 5-111,
1473 3836 1591 3905 Peg.
1614 3839 1708 3895 {⁸⁶2
1728 3840 1777 3889 et
1796 3851 1932 3906 seqq.
2022 3835 2027 3840 '

847 4001 898 4060 κ,
