2988 4832
1251 510 1380 583 293

294 631 540 700 mittere
563 566 818 721 potuit·
861 628 1035 722 atqui
1080 628 1278 701 illmsa
1314 653 1429 700 sua
1473 627 1767 699 bonitate
1802 626 2007 714 potuit
2048 642 2305 709 creare:

294 758 445 805 cum
476 757 591 805 ens
618 742 907 807 creatum
926 736 1215 828 quodvis,
1243 738 1378 816 etsi,
1403 741 1721 828 quatenus
1745 735 2097 808 necessario
2122 736 2324 808 limi-

290 848 533 921 tatum.
579 843 660 912 sit
686 845 878 922 etiam
899 845 1335 938 metaphysica
1356 844 1609 914 malum
1634 864 1749 912 seu
1779 841 2027 912 deficiat
2070 843 2161 914 ab
2189 867 2311 913 en-

289 952 458 1022 titate
485 950 786 1031 absoluta,
841 960 1119 1024 attamen
1141 1006 1158 1033 ,
1208 959 1523 1045 quatenus
1551 956 1649 1022 est
1686 970 1802 1021 ens
1827 956 1895 1018 et
1912 950 2079 1020 hino
2128 953 2309 1030 ‘reale

291 1058 468 1151 quid,
506 1061 583 1129 sit
613 1080 746 1130 non
770 1061 977 1133 solum
999 1060 1448 1152 metaphysice‚
1487 1058 1601 1131 sed
1623 1058 1815 1128 etiam
1844 1056 2167 1128 moraliter
2188 1057 2307 1125 bo-

288 1187 453 1236 num
477 1219 495 1247 ,
533 1169 683 1258 quia
726 1167 842 1237 ‘ens
894 1170 1161 1261 quodvis
1207 1190 1285 1239 ex
1331 1167 1566 1237 natura
1602 1166 1718 1234 sua
1764 1163 2079 1234 reseribile
2116 1169 2211 1232 est
2244 1170 2308 1233 et

283 1275 493 1367 reipsa
529 1276 799 1345 refertur
818 1276 900 1344 ad
930 1276 1180 1347 bonum
1210 1297 1546 1345 summum
1585 1279 1650 1342 et
1673 1273 1874 1341 finem
1893 1273 2217 1349 ultimum,
2254 1272 2327 1341 i.‘·

284 1405 347 1451 e.
378 1380 461 1451 ad
505 1380 718 1452 Deum
762 1384 1253 1474 glorificandum
1295 1382 1428 1473 (1);
1484 1400 1642 1470 ergo
1694 1377 1814 1447 sub
1870 1376 2021 1449 Deo·
2052 1401 2306 1448 summa

227 1479 246 1498 ‘
282 1480 457 1558 bono
481 1509 617 1557 non
643 1497 957 1580 repugnat
977 1491 1227 1560 malum
1247 1487 1780 1578 metaphysicum.
1807 1482 1939 1555 Sed
1958 1505 2168 1573 neque
2196 1508 2306 1555 re-

289 1601 539 1687 pugnat

377 1723 456 1793 Π.
504 1727 751 1796 Malum
775 1730 1120 1818 physicum,
1151 1726 1318 1797 Nam

305 1873 322 1888 ⁰
370 1859 444 1952 ιι)ζ
462 1858 705 1931 Malum
729 1862 1068 1955 physicum
1089 1864 1289 1933 oritur
1317 1851 1408 1932 ex'
1424 1849 2056 1959 maiometa'phffsico
2083 1859 2302 1957 {atqui

276 1965 408 2037 hoc
438 1991 570 2037 non
602 1978 918 2062 repugnat
943 1971 1208 2041 bonitati
1233 1970 1500 2052 divinae3
1528 1994 1682 2063 ergo
1709 1994 1831 2042 nee
1859 1972 2043 2041 illud.

370 2105 560 2176 Proh.
611 2105 779 2195 Maj.
837 2103 1007 2176 Nam
1047 2107 1339 2199 inprimis
1375 2106 1535 2177 ratio
1574 2112 1638 2174 et
1686 2106 2043 2178 intellectus
2091 2108 2302 2177 omnis

277 2217 532 2281 creatus
559 2235 635 2282 ex
657 2213 890 2284 natura
918 2214 1034 2283 sua
1055 2219 1387 2307 propterea
1428 2212 1630 2283 errori
1653 2218 1717 2280 et
1755 2213 2130 2305 ignorantiae
2171 2220 2294 2285 etc.

274 2326 375 2390 est
395 2319 719 2399 obnoxius,
755 2322 905 2413 quia
930 2325 1034 2397 est
1052 2319 1292 2388 finituS.
1344 2316 1511 2388 Dein
1539 2319 1732 2388 etiam
1774 2342 2004 2413 corpus
2046 2344 2125 2392 ex
2169 2345 2300 2392 na-

284 2432 440 2501 tura
464 2432 580 2500 sua
601 2436 894 2501 constans
916 2427 1200 2524 partibus
1223 2449 1336 2520 per
1361 2448 1427 2496 se
1468 2426 1974 2509 dissolubilibuS,
2027 2437 2299 2501 natura-

272 2536 423 2606 liter
449 2536 837 2606 dissolutioni
872 2541 936 2605 et
971 2536 1128 2644 bine
1165 2535 1406 2607 morbis
1447 2535 1558 2605 et
1539 2536 1658 2627 1psi
1697 2538 1890 2608 morti
1916 2544 2010 2607 est
2052 2539 2299 2630 subjec-

273 2634 467 2712 tum·
450 2666 655 2736 ,ergo
664 2694 796 2716 .....

364 2781 421 2871 b)
474 2780 645 2852 Ordo
682 2784 980 2874 physicus
1025 2788 1120 2853 est
1142 2785 1553 2854 essentialiter
1594 2783 2061 2853 subordinatus?
2086 2782 2368 2855 ordini.
2356 2851 2363 2879 Ξ

270 2884 510 2960 morali
536 2895 598 2956 et
626 2889 742 2958 fini
770 2892 999 2959 ultimo
1022 2891 1305 2958 hominis
1330 2918 1346 2970 ;
1382 2913 1535 2980 ergo
1552 2889 1618 2957 id
1641 2891 2027 2960 solumineo
2047 2888 2296 2961 malum
2354 2885 2361 2920 ³

273 2991 371 3065 est
392 2997 671 3086 adeoque
701 2997 964 3065 bonitati
988 2995 1108 3064 Dei
1128 3002 1444 3086 repugnat
1466 3048 1481 3073 ,
1520 2996 1690 3085 quod
1717 2997 2055 3065 hominem
2074 2996 2155 3065 ab
2176 2999 2294 3067 isto

270 3108 410 3175 fine
447 3110 731 3174 removet
762 3110 872 3173 aut
917 3105 1113 3197 ipsius
1145 3103 1576 3173 consecutioni
1609 3102 1812 3174 obstat
1849 3130 1866 3173 z
1922 3106 2094 3194 atqui
2129 3106 2295 3175 nulli

272 3213 558 3281 desectus
581 3212 824 3303 physici
845 3212 1162 3280 ullatenus
1194 3211 1442 3296 obstant
1472 3217 1581 3279 aut
1613 3210 1858 3280 obstare
1887 3218 2172 3303 possunt,
2209 3236 2296 3282 ne

272 3319 477 3388 homo
495 3317 694 3387 finem
731 3326 923 3386 suum
949 3319 1253 3386 ultimum
1273 3324 1715 3408 consequatur,
1750 3319 1909 3410 quin
1933 3320 2066 3388 imo
2107 3343 2285 3402 eum,
2318 3404 2321 3409 A

270 3429 328 3497 si
362 3426 534 3505 velit,
560 3426 643 3495 ad
662 3427 862 3494 finem
882 3427 1061 3495 hune
1096 3427 1303 3521 potius
1326 3433 1749 3516 promovent,
1731 3455 1747 3470 ·
1774 3449 1927 3519 ergo
1957 3450 2091 3496 non
2136 3417 2321 3500 sunt'

271 3533 594 3602 ullatenus
619 3556 734 3625 per
772 3556 838 3601 se
868 3533 1023 3600 mali
1050 3537 1160 3603 aut
1182 3531 1446 3601 bonitati
1488 3530 1608 3601 Dei
1635 3539 2096 3625 repugnantes;
2137 3559 2290 3628 ergo

270 3639 399 3712 sub
433 3637 568 3709 Deo
608 3663 859 3709 summe
899 3641 1071 3708 bono
1106 3630 1241 3708 non
1276 3646 1592 3732 repugnat
1629 3640 1877 3710 malum
1922 3642 2318 3737 physicum.

146 3844 153 3850 ⁴
273 3747 407 3816 Sed
442 3746 703 3815 demum
731 3771 940 3838 neque
970 3753 1287 3841 repugnat

343 3952 411 4021 (1)
444 3953 569 4005 Vide
592 3953 805 4007 Cosmol.
829 3955 955 4006 Sect.
984 3958 1032 4006 3.
1056 3954 1173 4006 Can.
1201 3959 1245 4006 1.
1270 3954 1418 4021 Prop.
1531 3956 1648 4022 Pag.
1674 3959 1732 4006 89
1755 3962 1804 4007 et
1822 3970 1955 4024 seqq.
