<?xml version="1.0" encoding="UTF-8"?>
<!DOCTYPE html PUBLIC "-//W3C//DTD XHTML 1.0 Transitional//EN"
    "http://www.w3.org/TR/xhtml1/DTD/xhtml1-transitional.dtd">
<html xmlns="http://www.w3.org/1999/xhtml" xml:lang="en" lang="en">
 <head>
  <title>
</title>
<meta http-equiv="Content-Type" content="text/html;charset=utf-8" />
  <meta name='ocr-system' content='tesseract 3.04.00' />
  <meta name='ocr-capabilities' content='ocr_page ocr_carea ocr_par ocr_line ocrx_word'/>
</head>
<body>
  <div class='ocr_page' id='page_1' title='image "./institutionesph00rothgoog/institutionesph00rothgoog_0099.png"; bbox 0 0 2988 4832; ppageno 0'>
   <div class='ocr_carea' id='block_1_1' title="bbox 1306 487 1393 557">
    <p class='ocr_par' dir='ltr' id='par_1_1' title="bbox 1306 487 1393 557">
     <span class='ocr_line' id='line_1_1' title="bbox 1306 487 1393 557; baseline 0 0"><span class='ocrx_word' id='word_1_1' title='bbox 1306 487 1393 557; x_wconf 83' lang='lat'><em>89</em></span> 
     </span>
    </p>
   </div>
   <div class='ocr_carea' id='block_1_2' title="bbox 336 602 2360 791">
    <p class='ocr_par' dir='ltr' id='par_1_2' title="bbox 336 602 2360 791">
     <span class='ocr_line' id='line_1_2' title="bbox 361 602 2360 685; baseline 0.002 -3"><span class='ocrx_word' id='word_1_2' title='bbox 361 602 376 647; x_wconf 66' lang='lat'>⁵</span> <span class='ocrx_word' id='word_1_3' title='bbox 439 612 551 683; x_wconf 77' lang='lat'><em>41.</em></span> <span class='ocrx_word' id='word_1_4' title='bbox 605 611 852 684; x_wconf 87' lang='lat' dir='ltr'><strong>PROP.</strong></span> <span class='ocrx_word' id='word_1_5' title='bbox 906 609 986 681; x_wconf 88' lang='lat'><em>11.</em></span> <span class='ocrx_word' id='word_1_6' title='bbox 1028 609 1199 682; x_wconf 71' lang='lat' dir='ltr'><em>Fmis</em></span> <span class='ocrx_word' id='word_1_7' title='bbox 1253 633 1583 683; x_wconf 62' lang='lat' dir='ltr'><em>caucasus</em></span> <span class='ocrx_word' id='word_1_8' title='bbox 1626 630 1819 683; x_wconf 71' lang='lat' dir='ltr'><em>uuum</em></span> <span class='ocrx_word' id='word_1_9' title='bbox 1861 632 1970 682; x_wconf 73' lang='lat' dir='ltr'><em>ssu</em></span> <span class='ocrx_word' id='word_1_10' title='bbox 2004 632 2219 684; x_wconf 70' lang='lat' dir='ltr'><em>ornans</em></span> <span class='ocrx_word' id='word_1_11' title='bbox 2255 634 2360 685; x_wconf 66' lang='grc' dir='ltr'><em>εει*</em></span> 
     </span>
     <span class='ocr_line' id='line_1_3' title="bbox 336 740 1937 791; baseline -0.002 0"><span class='ocrx_word' id='word_1_12' title='bbox 336 742 572 791; x_wconf 68' lang='lat' dir='ltr'><em>emani</em></span> <span class='ocrx_word' id='word_1_13' title='bbox 617 745 719 791; x_wconf 77' lang='lat' dir='ltr'><em>mn</em></span> <span class='ocrx_word' id='word_1_14' title='bbox 748 743 1124 791; x_wconf 68' lang='lat' dir='ltr'><em>nxrnmsscA</em></span> <span class='ocrx_word' id='word_1_15' title='bbox 1158 743 1222 788; x_wconf 78' lang='lat' dir='ltr'><em>m</em></span> <span class='ocrx_word' id='word_1_16' title='bbox 1251 742 1680 790; x_wconf 68' lang='lat' dir='ltr'><em>nursuuuuro</em></span> <span class='ocrx_word' id='word_1_17' title='bbox 1710 740 1937 789; x_wconf 64' lang='lat' dir='ltr'><em>cnsnu.</em></span> 
     </span>
    </p>
   </div>
   <div class='ocr_carea' id='block_1_3' title="bbox 271 875 2365 3015">
    <p class='ocr_par' dir='ltr' id='par_1_3' title="bbox 271 875 2365 3015">
     <span class='ocr_line' id='line_1_4' title="bbox 436 875 2363 966; baseline -0.003 -18"><span class='ocrx_word' id='word_1_18' title='bbox 436 880 627 948; x_wconf 81' lang='lat' dir='ltr'><em>Prob.</em></span> <span class='ocrx_word' id='word_1_19' title='bbox 673 879 737 946; x_wconf 83' lang='lat'><em>1⁰</em></span> <span class='ocrx_word' id='word_1_20' title='bbox 772 877 943 948; x_wconf 88' lang='lat' dir='ltr'><em>Deus</em></span> <span class='ocrx_word' id='word_1_21' title='bbox 978 886 1068 947; x_wconf 88' lang='lat' dir='ltr'><em>est</em></span> <span class='ocrx_word' id='word_1_22' title='bbox 1119 879 1394 946; x_wconf 83' lang='lat' dir='ltr'><em>absoluta</em></span> <span class='ocrx_word' id='word_1_23' title='bbox 1434 879 1671 945; x_wconf 76' lang='lat' dir='ltr'><em>bonitas</em></span> <span class='ocrx_word' id='word_1_24' title='bbox 1703 881 1765 945; x_wconf 86' lang='lat' dir='ltr'><em>et</em></span> <span class='ocrx_word' id='word_1_25' title='bbox 1794 875 2089 944; x_wconf 74' lang='lat' dir='ltr'><em>sanctitas</em></span> <span class='ocrx_word' id='word_1_26' title='bbox 2121 896 2146 943; x_wconf 88' lang='lat'><em>.·</em></span> <span class='ocrx_word' id='word_1_27' title='bbox 2189 875 2363 966; x_wconf 80' lang='lat' dir='ltr'><em>atqui</em></span> 
     </span>
     <span class='ocr_line' id='line_1_5' title="bbox 341 984 2364 1078; baseline -0.003 -22"><span class='ocrx_word' id='word_1_28' title='bbox 341 987 423 1078; x_wconf 86' lang='lat' dir='ltr'><em>a)</em></span> <span class='ocrx_word' id='word_1_29' title='bbox 458 996 580 1077; x_wconf 77' lang='lat' dir='ltr'><em>qua</em></span> <span class='ocrx_word' id='word_1_30' title='bbox 624 988 899 1055; x_wconf 84' lang='lat' dir='ltr'><em>absoluta</em></span> <span class='ocrx_word' id='word_1_31' title='bbox 943 989 1179 1053; x_wconf 81' lang='lat' dir='ltr'><em>bonitas</em></span> <span class='ocrx_word' id='word_1_32' title='bbox 1228 1008 1362 1056; x_wconf 90' lang='lat' dir='ltr'><em>non</em></span> <span class='ocrx_word' id='word_1_33' title='bbox 1403 991 1605 1077; x_wconf 86' lang='lat' dir='ltr'><em>potest</em></span> <span class='ocrx_word' id='word_1_34' title='bbox 1636 1006 1851 1054; x_wconf 88' lang='lat' dir='ltr'><em>creare</em></span> <span class='ocrx_word' id='word_1_35' title='bbox 1880 1035 1897 1062; x_wconf 89' lang='lat'>,</span> <span class='ocrx_word' id='word_1_36' title='bbox 1940 1005 2098 1074; x_wconf 86' lang='lat' dir='ltr'><em>qum</em></span> <span class='ocrx_word' id='word_1_37' title='bbox 2143 984 2364 1051; x_wconf 82' lang='lat' dir='ltr'><em>mani-</em></span> 
     </span>
     <span class='ocr_line' id='line_1_6' title="bbox 339 1086 2365 1186; baseline -0.002 -23"><span class='ocrx_word' id='word_1_38' title='bbox 339 1098 526 1163; x_wconf 82' lang='lat' dir='ltr'><em>festet</em></span> <span class='ocrx_word' id='word_1_39' title='bbox 568 1099 816 1186; x_wconf 84' lang='lat' dir='ltr'><em>partem</em></span> <span class='ocrx_word' id='word_1_40' title='bbox 862 1116 991 1163; x_wconf 84' lang='lat' dir='ltr'><em>suae</em></span> <span class='ocrx_word' id='word_1_41' title='bbox 1026 1091 1341 1162; x_wconf 80' lang='lat' dir='ltr'><em>bonitatis,</em></span> <span class='ocrx_word' id='word_1_42' title='bbox 1379 1086 1569 1162; x_wconf 49' lang='lat' dir='ltr'><em>&#39;Nam</em></span> <span class='ocrx_word' id='word_1_43' title='bbox 1616 1092 1744 1183; x_wconf 76' lang='lat' dir='ltr'><em>qua</em></span> <span class='ocrx_word' id='word_1_44' title='bbox 1764 1118 1773 1124; x_wconf 58' lang='lat'><strong><em>‘</em></strong></span> <span class='ocrx_word' id='word_1_45' title='bbox 1793 1090 2079 1160; x_wconf 87' lang='lat' dir='ltr'><em>absoluta</em></span> <span class='ocrx_word' id='word_1_46' title='bbox 2119 1089 2365 1159; x_wconf 82' lang='lat' dir='ltr'><em>bonitas</em></span> 
     </span>
     <span class='ocr_line' id='line_1_7' title="bbox 338 1200 2363 1280; baseline -0.002 -9"><span class='ocrx_word' id='word_1_47' title='bbox 338 1200 521 1271; x_wconf 89' lang='lat' dir='ltr'><em>Deus</em></span> <span class='ocrx_word' id='word_1_48' title='bbox 548 1208 642 1271; x_wconf 88' lang='lat' dir='ltr'><em>est</em></span> <span class='ocrx_word' id='word_1_49' title='bbox 674 1224 1005 1270; x_wconf 89' lang='lat' dir='ltr'><em>summum</em></span> <span class='ocrx_word' id='word_1_50' title='bbox 1034 1225 1149 1267; x_wconf 80' lang='lat' dir='ltr'><em>esse</em></span> <span class='ocrx_word' id='word_1_51' title='bbox 1172 1254 1188 1280; x_wconf 91' lang='lat'><strong>,</strong></span> <span class='ocrx_word' id='word_1_52' title='bbox 1235 1224 1427 1270; x_wconf 91' lang='lat' dir='ltr'><em>omne</em></span> <span class='ocrx_word' id='word_1_53' title='bbox 1466 1226 1583 1269; x_wconf 78' lang='lat' dir='ltr'><em>esse</em></span> <span class='ocrx_word' id='word_1_54' title='bbox 1621 1201 1978 1269; x_wconf 84' lang='lat' dir='ltr'><em>eminenter</em></span> <span class='ocrx_word' id='word_1_55' title='bbox 2007 1200 2078 1268; x_wconf 91' lang='lat' dir='ltr'><em>in</em></span> <span class='ocrx_word' id='word_1_56' title='bbox 2110 1221 2176 1268; x_wconf 91' lang='lat' dir='ltr'><em>se</em></span> <span class='ocrx_word' id='word_1_57' title='bbox 2205 1220 2363 1268; x_wconf 89' lang='lat' dir='ltr'><em>con-</em></span> 
     </span>
     <span class='ocr_line' id='line_1_8' title="bbox 337 1309 2365 1401; baseline -0.002 -23"><span class='ocrx_word' id='word_1_58' title='bbox 337 1312 558 1378; x_wconf 80' lang='lat' dir='ltr'><em>tinens</em></span> <span class='ocrx_word' id='word_1_59' title='bbox 586 1310 712 1378; x_wconf 85' lang='lat' dir='ltr'><em>sive</em></span> <span class='ocrx_word' id='word_1_60' title='bbox 740 1309 866 1401; x_wconf 72' lang='lat' dir='ltr'><em>qua</em></span> <span class='ocrx_word' id='word_1_61' title='bbox 902 1311 1153 1379; x_wconf 88' lang='lat' dir='ltr'><em>interna</em></span> <span class='ocrx_word' id='word_1_62' title='bbox 1179 1309 1550 1401; x_wconf 84' lang='lat' dir='ltr'><em>possibilitas</em></span> <span class='ocrx_word' id='word_1_63' title='bbox 1590 1330 1812 1377; x_wconf 87' lang='lat' dir='ltr'><em>rerum</em></span> <span class='ocrx_word' id='word_1_64' title='bbox 1850 1313 1926 1375; x_wconf 82' lang='lat' dir='ltr'><em>ut</em></span> <span class='ocrx_word' id='word_1_65' title='bbox 1968 1330 2219 1377; x_wconf 90' lang='lat' dir='ltr'><em>summe</em></span> <span class='ocrx_word' id='word_1_66' title='bbox 2252 1309 2365 1376; x_wconf 88' lang='lat' dir='ltr'><em>in·-</em></span> 
     </span>
     <span class='ocr_line' id='line_1_9' title="bbox 339 1415 2363 1509; baseline -0 -24"><span class='ocrx_word' id='word_1_67' title='bbox 339 1417 721 1509; x_wconf 81' lang='lat' dir='ltr'><em>telligibilis,</em></span> <span class='ocrx_word' id='word_1_68' title='bbox 766 1417 893 1485; x_wconf 80' lang='lat' dir='ltr'><em>sive</em></span> <span class='ocrx_word' id='word_1_69' title='bbox 940 1418 1069 1509; x_wconf 73' lang='lat' dir='ltr'><em>qua</em></span> <span class='ocrx_word' id='word_1_70' title='bbox 1117 1423 1373 1486; x_wconf 83' lang='lat' dir='ltr'><em>externa</em></span> <span class='ocrx_word' id='word_1_71' title='bbox 1404 1423 1476 1485; x_wconf 86' lang='lat' dir='ltr'><em>ut</em></span> <span class='ocrx_word' id='word_1_72' title='bbox 1519 1418 1964 1508; x_wconf 86' lang='lat' dir='ltr'><em>omnipotens;</em></span> <span class='ocrx_word' id='word_1_73' title='bbox 2010 1437 2163 1507; x_wconf 87' lang='lat' dir='ltr'><em>ergo</em></span> <span class='ocrx_word' id='word_1_74' title='bbox 2207 1415 2363 1484; x_wconf 88' lang='lat' dir='ltr'><em>dum</em></span> 
     </span>
     <span class='ocr_line' id='line_1_10' title="bbox 343 1518 2361 1616; baseline -0.001 -23"><span class='ocrx_word' id='word_1_75' title='bbox 343 1518 546 1603; x_wconf 41' lang='lat' dir='ltr'><em>creat,‘</em></span> <span class='ocrx_word' id='word_1_76' title='bbox 575 1526 923 1594; x_wconf 88' lang='lat' dir='ltr'><em>necessario</em></span> <span class='ocrx_word' id='word_1_77' title='bbox 974 1525 1061 1604; x_wconf 91' lang='lat' dir='ltr'><em>id,</em></span> <span class='ocrx_word' id='word_1_78' title='bbox 1108 1525 1280 1616; x_wconf 84' lang='lat' dir='ltr'><em>quod</em></span> <span class='ocrx_word' id='word_1_79' title='bbox 1313 1530 1584 1602; x_wconf 88' lang='lat' dir='ltr'><em>creatur,</em></span> <span class='ocrx_word' id='word_1_80' title='bbox 1644 1545 1756 1592; x_wconf 89' lang='lat' dir='ltr'><em>seu</em></span> <span class='ocrx_word' id='word_1_81' title='bbox 1800 1530 2087 1592; x_wconf 85' lang='lat' dir='ltr'><em>creatura</em></span> <span class='ocrx_word' id='word_1_82' title='bbox 2136 1530 2202 1594; x_wconf 88' lang='lat' dir='ltr'><em>et</em></span> <span class='ocrx_word' id='word_1_83' title='bbox 2246 1522 2361 1593; x_wconf 89' lang='lat' dir='ltr'><em>Dei</em></span> 
     </span>
     <span class='ocr_line' id='line_1_11' title="bbox 343 1630 2363 1723; baseline 0.001 -25"><span class='ocrx_word' id='word_1_84' title='bbox 343 1633 872 1723; x_wconf 82' lang='lat' dir='ltr'><em>omnipotentiam</em></span> <span class='ocrx_word' id='word_1_85' title='bbox 918 1632 1048 1723; x_wconf 74' lang='lat' dir='ltr'><em>qua</em></span> <span class='ocrx_word' id='word_1_86' title='bbox 1078 1653 1336 1700; x_wconf 87' lang='lat' dir='ltr'><em>causam</em></span> <span class='ocrx_word' id='word_1_87' title='bbox 1377 1632 1757 1699; x_wconf 80' lang='lat' dir='ltr'><em>efficientem</em></span> <span class='ocrx_word' id='word_1_88' title='bbox 1807 1636 1871 1698; x_wconf 85' lang='lat' dir='ltr'><em>et</em></span> <span class='ocrx_word' id='word_1_89' title='bbox 1899 1630 2091 1722; x_wconf 89' lang='lat' dir='ltr'><em>ipsius</em></span> <span class='ocrx_word' id='word_1_90' title='bbox 2134 1630 2363 1701; x_wconf 74' lang='lat' dir='ltr'><em>divinae</em></span> 
     </span>
     <span class='ocr_line' id='line_1_12' title="bbox 344 1738 2363 1829; baseline 0.001 -22"><span class='ocrx_word' id='word_1_91' title='bbox 344 1739 632 1807; x_wconf 80' lang='lat' dir='ltr'><em>essentiae</em></span> <span class='ocrx_word' id='word_1_92' title='bbox 665 1738 1244 1825; x_wconf 87' lang='lat' dir='ltr'><em>intelligibilitatem</em></span> <span class='ocrx_word' id='word_1_93' title='bbox 1271 1738 1400 1828; x_wconf 74' lang='lat' dir='ltr'><em>qua</em></span> <span class='ocrx_word' id='word_1_94' title='bbox 1429 1760 1689 1807; x_wconf 87' lang='lat' dir='ltr'><em>causam</em></span> <span class='ocrx_word' id='word_1_95' title='bbox 1721 1739 2149 1829; x_wconf 85' lang='lat' dir='ltr'><em>exemplarem</em></span> <span class='ocrx_word' id='word_1_96' title='bbox 2174 1739 2363 1809; x_wconf 86' lang='lat' dir='ltr'><em>exhi-</em></span> 
     </span>
     <span class='ocr_line' id='line_1_13' title="bbox 343 1838 2365 1940; baseline 0.001 -26"><span class='ocrx_word' id='word_1_97' title='bbox 343 1844 461 1914; x_wconf 75' lang='lat' dir='ltr'><em>het</em></span> <span class='ocrx_word' id='word_1_98' title='bbox 482 1896 504 1926; x_wconf 84' lang='lat'><strong>.</strong></span> <span class='ocrx_word' id='word_1_99' title='bbox 549 1868 668 1915; x_wconf 86' lang='lat' dir='ltr'><em>nec</em></span> <span class='ocrx_word' id='word_1_100' title='bbox 711 1851 926 1915; x_wconf 90' lang='lat' dir='ltr'><em>minus</em></span> <span class='ocrx_word' id='word_1_101' title='bbox 962 1870 1080 1940; x_wconf 87' lang='lat' dir='ltr'><em>per</em></span> <span class='ocrx_word' id='word_1_102' title='bbox 1122 1869 1306 1916; x_wconf 91' lang='lat' dir='ltr'><em>suam</em></span> <span class='ocrx_word' id='word_1_103' title='bbox 1346 1838 1757 1915; x_wconf 76' lang='lat' dir='ltr'><em>harmoniam</em></span> <span class='ocrx_word' id='word_1_104' title='bbox 1789 1852 1852 1914; x_wconf 87' lang='lat' dir='ltr'><em>et</em></span> <span class='ocrx_word' id='word_1_105' title='bbox 1880 1846 2241 1914; x_wconf 87' lang='lat' dir='ltr'><em>mediorum</em></span> <span class='ocrx_word' id='word_1_106' title='bbox 2282 1846 2365 1916; x_wconf 86' lang='lat' dir='ltr'><em>ad</em></span> 
     </span>
     <span class='ocr_line' id='line_1_14' title="bbox 346 1954 2364 2049; baseline 0.005 -30"><span class='ocrx_word' id='word_1_107' title='bbox 346 1954 552 2022; x_wconf 82' lang='lat' dir='ltr'><em>finem</em></span> <span class='ocrx_word' id='word_1_108' title='bbox 601 1955 1185 2025; x_wconf 84' lang='lat' dir='ltr'><em>subordinationem</em></span> <span class='ocrx_word' id='word_1_109' title='bbox 1227 1954 1347 2025; x_wconf 91' lang='lat' dir='ltr'><em>Dei</em></span> <span class='ocrx_word' id='word_1_110' title='bbox 1390 1962 1454 2024; x_wconf 88' lang='lat' dir='ltr'><em>et</em></span> <span class='ocrx_word' id='word_1_111' title='bbox 1505 1956 1877 2049; x_wconf 80' lang='lat' dir='ltr'><em>sapientiam</em></span> <span class='ocrx_word' id='word_1_112' title='bbox 1927 1960 1991 2023; x_wconf 91' lang='lat' dir='ltr'><em>et</em></span> <span class='ocrx_word' id='word_1_113' title='bbox 2041 1978 2364 2029; x_wconf 82' lang='lat' dir='ltr'><em>summam</em></span> 
     </span>
     <span class='ocr_line' id='line_1_15' title="bbox 344 2059 2357 2155; baseline 0.002 -25"><span class='ocrx_word' id='word_1_114' title='bbox 344 2059 889 2153; x_wconf 83' lang='lat' dir='ltr'><em>pulchritudinem</em></span> <span class='ocrx_word' id='word_1_115' title='bbox 936 2065 1115 2155; x_wconf 89' lang='lat' dir='ltr'><em>quasi</em></span> <span class='ocrx_word' id='word_1_116' title='bbox 1156 2064 1225 2133; x_wconf 93' lang='lat' dir='ltr'><em>in</em></span> <span class='ocrx_word' id='word_1_117' title='bbox 1267 2062 1473 2155; x_wconf 87' lang='lat' dir='ltr'><em>effigie</em></span> <span class='ocrx_word' id='word_1_118' title='bbox 1525 2061 2038 2155; x_wconf 86' lang='lat' dir='ltr'><em>conspiciendam</em></span> <span class='ocrx_word' id='word_1_119' title='bbox 2071 2064 2357 2155; x_wconf 80' lang='lat' dir='ltr'><em>praebet3</em></span> 
     </span>
     <span class='ocr_line' id='line_1_16' title="bbox 349 2167 2364 2260; baseline 0.002 -25"><span class='ocrx_word' id='word_1_120' title='bbox 349 2190 507 2260; x_wconf 89' lang='lat' dir='ltr'><em>ergo</em></span> <span class='ocrx_word' id='word_1_121' title='bbox 533 2167 701 2237; x_wconf 89' lang='lat' dir='ltr'><em>Deus</em></span> <span class='ocrx_word' id='word_1_122' title='bbox 744 2169 872 2257; x_wconf 72' lang='lat' dir='ltr'><em>qua</em></span> <span class='ocrx_word' id='word_1_123' title='bbox 910 2171 1192 2240; x_wconf 88' lang='lat' dir='ltr'><em>absolute</em></span> <span class='ocrx_word' id='word_1_124' title='bbox 1243 2170 1451 2238; x_wconf 89' lang='lat' dir='ltr'><em>bonus</em></span> <span class='ocrx_word' id='word_1_125' title='bbox 1471 2222 1488 2247; x_wconf 90' lang='lat'>‚</span> <span class='ocrx_word' id='word_1_126' title='bbox 1529 2169 1688 2238; x_wconf 90' lang='lat' dir='ltr'><em>dum</em></span> <span class='ocrx_word' id='word_1_127' title='bbox 1740 2173 1913 2239; x_wconf 88' lang='lat' dir='ltr'><em>creat</em></span> <span class='ocrx_word' id='word_1_128' title='bbox 1932 2220 1949 2247; x_wconf 84' lang='lat'><strong>.</strong></span> <span class='ocrx_word' id='word_1_129' title='bbox 2011 2173 2364 2240; x_wconf 83' lang='lat' dir='ltr'><em>necessario</em></span> 
     </span>
     <span class='ocr_line' id='line_1_17' title="bbox 351 2276 2363 2367; baseline 0.002 -23"><span class='ocrx_word' id='word_1_130' title='bbox 351 2276 698 2345; x_wconf 84' lang='lat' dir='ltr'><em>bonitatem</em></span> <span class='ocrx_word' id='word_1_131' title='bbox 746 2300 931 2346; x_wconf 89' lang='lat' dir='ltr'><em>suam</em></span> <span class='ocrx_word' id='word_1_132' title='bbox 981 2277 1063 2345; x_wconf 89' lang='lat' dir='ltr'><em>ad</em></span> <span class='ocrx_word' id='word_1_133' title='bbox 1114 2282 1288 2345; x_wconf 85' lang='lat' dir='ltr'><em>extra</em></span> <span class='ocrx_word' id='word_1_134' title='bbox 1334 2276 1714 2351; x_wconf 82' lang='lat' dir='ltr'><em>manifestat.</em></span> <span class='ocrx_word' id='word_1_135' title='bbox 1773 2277 1845 2367; x_wconf 77' lang='lat' dir='ltr'><em>b)</em></span> <span class='ocrx_word' id='word_1_136' title='bbox 1900 2279 2039 2358; x_wconf 75' lang='lat' dir='ltr'><em>Qua</em></span> <span class='ocrx_word' id='word_1_137' title='bbox 2081 2280 2363 2348; x_wconf 80' lang='lat' dir='ltr'><em>absoluta</em></span> 
     </span>
     <span class='ocr_line' id='line_1_18' title="bbox 348 2384 2364 2482; baseline 0.003 -31"><span class='ocrx_word' id='word_1_138' title='bbox 348 2386 644 2452; x_wconf 79' lang='lat' dir='ltr'><em>sanctitas</em></span> <span class='ocrx_word' id='word_1_139' title='bbox 685 2406 820 2455; x_wconf 89' lang='lat' dir='ltr'><em>non</em></span> <span class='ocrx_word' id='word_1_140' title='bbox 852 2390 1055 2482; x_wconf 87' lang='lat' dir='ltr'><em>potest</em></span> <span class='ocrx_word' id='word_1_141' title='bbox 1092 2407 1226 2454; x_wconf 90' lang='lat' dir='ltr'><em>non</em></span> <span class='ocrx_word' id='word_1_142' title='bbox 1272 2385 1523 2476; x_wconf 85' lang='lat' dir='ltr'><em>exigere</em></span> <span class='ocrx_word' id='word_1_143' title='bbox 1540 2437 1560 2465; x_wconf 89' lang='lat'><strong>‚</strong></span> <span class='ocrx_word' id='word_1_144' title='bbox 1593 2390 1666 2452; x_wconf 84' lang='lat' dir='ltr'><em>ut</em></span> <span class='ocrx_word' id='word_1_145' title='bbox 1694 2384 1942 2454; x_wconf 77' lang='lat' dir='ltr'><em>bonitas</em></span> <span class='ocrx_word' id='word_1_146' title='bbox 1970 2386 2364 2458; x_wconf 79' lang='lat' dir='ltr'><em>manifestata</em></span> 
     </span>
     <span class='ocr_line' id='line_1_19' title="bbox 271 2491 2365 2565; baseline 0.002 -4"><span class='ocrx_word' id='word_1_147' title='bbox 271 2521 276 2526; x_wconf 94' lang='lat'>·</span> <span class='ocrx_word' id='word_1_148' title='bbox 347 2491 642 2561; x_wconf 87' lang='lat' dir='ltr'><em>laudetur</em></span> <span class='ocrx_word' id='word_1_149' title='bbox 679 2499 741 2561; x_wconf 88' lang='lat' dir='ltr'><em>et</em></span> <span class='ocrx_word' id='word_1_150' title='bbox 781 2499 1053 2563; x_wconf 85' lang='lat' dir='ltr'><em>ametur.</em></span> <span class='ocrx_word' id='word_1_151' title='bbox 1090 2492 1398 2563; x_wconf 81' lang='lat' dir='ltr'><em>Sanctitas</em></span> <span class='ocrx_word' id='word_1_152' title='bbox 1438 2494 1631 2563; x_wconf 41' lang='lat' dir='ltr'><em>enim*</em></span> <span class='ocrx_word' id='word_1_153' title='bbox 1649 2492 1770 2564; x_wconf 84' lang='lat' dir='ltr'><em>Dei</em></span> <span class='ocrx_word' id='word_1_154' title='bbox 1817 2499 1909 2562; x_wconf 91' lang='lat' dir='ltr'><em>est</em></span> <span class='ocrx_word' id='word_1_155' title='bbox 1951 2518 2125 2563; x_wconf 85' lang='lat' dir='ltr'><em>amor</em></span> <span class='ocrx_word' id='word_1_156' title='bbox 2168 2518 2365 2565; x_wconf 77' lang='lat' dir='ltr'><em>essm-</em></span> 
     </span>
     <span class='ocr_line' id='line_1_20' title="bbox 349 2587 2362 2696; baseline 0.004 -30"><span class='ocrx_word' id='word_1_157' title='bbox 349 2601 527 2667; x_wconf 84' lang='lat' dir='ltr'><em>tialis</em></span> <span class='ocrx_word' id='word_1_158' title='bbox 570 2602 849 2680; x_wconf 78' lang='lat' dir='ltr'><em>ordinis,·</em></span> <span class='ocrx_word' id='word_1_159' title='bbox 886 2624 1038 2692; x_wconf 89' lang='lat' dir='ltr'><em>ergo</em></span> <span class='ocrx_word' id='word_1_160' title='bbox 1081 2604 1147 2670; x_wconf 78' lang='lat' dir='ltr'><em>vi</em></span> <span class='ocrx_word' id='word_1_161' title='bbox 1181 2587 1520 2671; x_wconf 79' lang='lat' dir='ltr'><em>sanctitatis</em></span> <span class='ocrx_word' id='word_1_162' title='bbox 1563 2601 1704 2671; x_wconf 79' lang='lat' dir='ltr'><em>vult</em></span> <span class='ocrx_word' id='word_1_163' title='bbox 1743 2624 1885 2671; x_wconf 91' lang='lat' dir='ltr'><em>rem</em></span> <span class='ocrx_word' id='word_1_164' title='bbox 1916 2601 2206 2693; x_wconf 79' lang='lat' dir='ltr'><em>quamvis</em></span> <span class='ocrx_word' id='word_1_165' title='bbox 2243 2626 2362 2696; x_wconf 89' lang='lat' dir='ltr'><em>pro</em></span> 
     </span>
     <span class='ocr_line' id='line_1_21' title="bbox 349 2708 2354 2800; baseline 0.002 -24"><span class='ocrx_word' id='word_1_166' title='bbox 349 2729 484 2776; x_wconf 86' lang='lat' dir='ltr'><em>suae</em></span> <span class='ocrx_word' id='word_1_167' title='bbox 518 2714 761 2778; x_wconf 87' lang='lat' dir='ltr'><em>naturae</em></span> <span class='ocrx_word' id='word_1_168' title='bbox 807 2708 1107 2800; x_wconf 84' lang='lat' dir='ltr'><em>dignitate</em></span> <span class='ocrx_word' id='word_1_169' title='bbox 1140 2716 1203 2777; x_wconf 88' lang='lat' dir='ltr'><em>et</em></span> <span class='ocrx_word' id='word_1_170' title='bbox 1232 2710 1610 2778; x_wconf 87' lang='lat' dir='ltr'><em>amabilitate</em></span> <span class='ocrx_word' id='word_1_171' title='bbox 1642 2712 1940 2778; x_wconf 81' lang='lat' dir='ltr'><em>aestimari</em></span> <span class='ocrx_word' id='word_1_172' title='bbox 1988 2716 2053 2779; x_wconf 90' lang='lat' dir='ltr'><em>et</em></span> <span class='ocrx_word' id='word_1_173' title='bbox 2101 2712 2302 2780; x_wconf 84' lang='lat' dir='ltr'><em>amari</em></span> <span class='ocrx_word' id='word_1_174' title='bbox 2337 2739 2354 2781; x_wconf 74' lang='lat' dir='ltr'><em>z</em></span> 
     </span>
     <span class='ocr_line' id='line_1_22' title="bbox 349 2815 2362 2908; baseline 0 -24"><span class='ocrx_word' id='word_1_175' title='bbox 349 2815 528 2906; x_wconf 88' lang='lat' dir='ltr'><em>atqui</em></span> <span class='ocrx_word' id='word_1_176' title='bbox 556 2815 717 2883; x_wconf 90' lang='lat' dir='ltr'><em>nihil</em></span> <span class='ocrx_word' id='word_1_177' title='bbox 744 2816 1027 2907; x_wconf 87' lang='lat' dir='ltr'><em>dignius,</em></span> <span class='ocrx_word' id='word_1_178' title='bbox 1066 2817 1294 2884; x_wconf 90' lang='lat' dir='ltr'><em>melius</em></span> <span class='ocrx_word' id='word_1_179' title='bbox 1345 2820 1418 2883; x_wconf 73' lang='lat' dir='ltr'><em>et‘</em></span> <span class='ocrx_word' id='word_1_180' title='bbox 1458 2816 1833 2908; x_wconf 59' lang='lat' dir='ltr'><em>amabilius,</em></span> <span class='ocrx_word' id='word_1_181' title='bbox 1879 2840 2076 2907; x_wconf 90' lang='lat' dir='ltr'><em>quam</em></span> <span class='ocrx_word' id='word_1_182' title='bbox 2104 2818 2362 2906; x_wconf 85' lang='lat' dir='ltr'><em>perfec-</em></span> 
     </span>
     <span class='ocr_line' id='line_1_23' title="bbox 348 2922 2362 3015; baseline 0.002 -25"><span class='ocrx_word' id='word_1_183' title='bbox 348 2925 552 2993; x_wconf 79' lang='lat' dir='ltr'><em>tiones</em></span> <span class='ocrx_word' id='word_1_184' title='bbox 574 2922 836 3003; x_wconf 78' lang='lat' dir='ltr'><em>divinae3</em></span> <span class='ocrx_word' id='word_1_185' title='bbox 872 2945 1024 3013; x_wconf 86' lang='lat' dir='ltr'><em>ergo</em></span> <span class='ocrx_word' id='word_1_186' title='bbox 1050 2924 1114 2990; x_wconf 81' lang='lat' dir='ltr'><em>vi</em></span> <span class='ocrx_word' id='word_1_187' title='bbox 1142 2923 1478 2990; x_wconf 83' lang='lat' dir='ltr'><em>sanctitatis</em></span> <span class='ocrx_word' id='word_1_188' title='bbox 1502 2924 1676 3001; x_wconf 78' lang='lat' dir='ltr'><em>vult,</em></span> <span class='ocrx_word' id='word_1_189' title='bbox 1713 2930 1786 2991; x_wconf 87' lang='lat' dir='ltr'><em>ut</em></span> <span class='ocrx_word' id='word_1_190' title='bbox 1812 2924 1913 2992; x_wconf 82' lang='lat' dir='ltr'><em>hae</em></span> <span class='ocrx_word' id='word_1_191' title='bbox 1946 2925 2362 3015; x_wconf 85' lang='lat' dir='ltr'><em>perfectiones</em></span> 
     </span>
    </p>
   </div>
   <div class='ocr_carea' id='block_1_4' title="bbox 187 3029 2363 3125">
    <p class='ocr_par' dir='ltr' id='par_1_4' title="bbox 187 3029 2363 3125">
     <span class='ocr_line' id='line_1_24' title="bbox 187 3029 2363 3125; baseline 0.002 -27"><span class='ocrx_word' id='word_1_192' title='bbox 187 3045 188 3054; x_wconf 56' lang='lat'>¹</span> <span class='ocrx_word' id='word_1_193' title='bbox 273 3073 278 3076; x_wconf 90' lang='lat'><em>-</em></span> <span class='ocrx_word' id='word_1_194' title='bbox 347 3029 436 3098; x_wconf 85' lang='lat' dir='ltr'><em>ad</em></span> <span class='ocrx_word' id='word_1_195' title='bbox 469 3035 644 3098; x_wconf 83' lang='lat' dir='ltr'><em>extra</em></span> <span class='ocrx_word' id='word_1_196' title='bbox 671 3030 1081 3104; x_wconf 73' lang='lat' dir='ltr'><em>manifestatae</em></span> <span class='ocrx_word' id='word_1_197' title='bbox 1116 3035 1580 3120; x_wconf 83' lang='lat' dir='ltr'><em>cognoscantur</em></span> <span class='ocrx_word' id='word_1_198' title='bbox 1619 3035 1684 3100; x_wconf 89' lang='lat' dir='ltr'><em>et</em></span> <span class='ocrx_word' id='word_1_199' title='bbox 1710 3036 2007 3100; x_wconf 87' lang='lat' dir='ltr'><em>amentur</em></span> <span class='ocrx_word' id='word_1_200' title='bbox 2042 3032 2154 3123; x_wconf 85' lang='lat'><strong>(1).</strong></span> <span class='ocrx_word' id='word_1_201' title='bbox 2188 3031 2363 3125; x_wconf 89' lang='lat' dir='ltr'><em>Ergo</em></span> 
     </span>
    </p>
   </div>
   <div class='ocr_carea' id='block_1_5' title="bbox 286 3136 2366 3240">
    <p class='ocr_par' dir='ltr' id='par_1_5' title="bbox 286 3136 2366 3240">
     <span class='ocr_line' id='line_1_25' title="bbox 286 3136 2366 3240; baseline 0.001 -33"><span class='ocrx_word' id='word_1_202' title='bbox 286 3179 290 3185; x_wconf 68' lang='lat'>=</span> <span class='ocrx_word' id='word_1_203' title='bbox 349 3137 527 3207; x_wconf 86' lang='lat' dir='ltr'><em>Deus</em></span> <span class='ocrx_word' id='word_1_204' title='bbox 551 3137 751 3228; x_wconf 89' lang='lat' dir='ltr'><em>posito</em></span> <span class='ocrx_word' id='word_1_205' title='bbox 768 3187 790 3216; x_wconf 86' lang='lat'>‚</span> <span class='ocrx_word' id='word_1_206' title='bbox 805 3193 808 3196; x_wconf 15' lang='lat' dir='ltr'><em>i</em></span> <span class='ocrx_word' id='word_1_207' title='bbox 823 3136 995 3229; x_wconf 85' lang='lat' dir='ltr'><em>quod</em></span> <span class='ocrx_word' id='word_1_208' title='bbox 1031 3137 1183 3206; x_wconf 81' lang='lat' dir='ltr'><em>velit</em></span> <span class='ocrx_word' id='word_1_209' title='bbox 1210 3159 1422 3208; x_wconf 85' lang='lat' dir='ltr'><em>creare</em></span> <span class='ocrx_word' id='word_1_210' title='bbox 1443 3190 1459 3217; x_wconf 92' lang='lat'><strong>,</strong></span> <span class='ocrx_word' id='word_1_211' title='bbox 1507 3138 1856 3240; x_wconf 79' lang='lat' dir='ltr'><em>necessario</em></span> <span class='ocrx_word' id='word_1_212' title='bbox 1889 3139 1957 3209; x_wconf 80' lang='lat' dir='ltr'><em>vi</em></span> <span class='ocrx_word' id='word_1_213' title='bbox 1981 3139 2274 3211; x_wconf 84' lang='lat' dir='ltr'><em>bonitatis</em></span> <span class='ocrx_word' id='word_1_214' title='bbox 2294 3147 2366 3210; x_wconf 88' lang='lat' dir='ltr'><em>et</em></span> 
     </span>
    </p>
   </div>
   <div class='ocr_carea' id='block_1_6' title="bbox 346 3382 2363 3808">
    <p class='ocr_par' dir='ltr' id='par_1_6' title="bbox 346 3382 2363 3808">
     <span class='ocr_line' id='line_1_26' title="bbox 417 3382 2363 3451; baseline 0.003 -17"><span class='ocrx_word' id='word_1_215' title='bbox 417 3382 489 3448; x_wconf 83' lang='lat'><em>(1)</em></span> <span class='ocrx_word' id='word_1_216' title='bbox 509 3385 874 3435; x_wconf 81' lang='lat' dir='ltr'><em>Attendendum</em></span> <span class='ocrx_word' id='word_1_217' title='bbox 908 3387 991 3436; x_wconf 84' lang='lat' dir='ltr'><em>hic</em></span> <span class='ocrx_word' id='word_1_218' title='bbox 1014 3390 1116 3449; x_wconf 86' lang='lat' dir='ltr'><em>est,</em></span> <span class='ocrx_word' id='word_1_219' title='bbox 1140 3401 1243 3438; x_wconf 86' lang='lat' dir='ltr'><em>non</em></span> <span class='ocrx_word' id='word_1_220' title='bbox 1278 3387 1403 3437; x_wconf 76' lang='lat' dir='ltr'><em>velle</em></span> <span class='ocrx_word' id='word_1_221' title='bbox 1429 3386 1620 3451; x_wconf 84' lang='lat' dir='ltr'><em>Deum,</em></span> <span class='ocrx_word' id='word_1_222' title='bbox 1652 3390 1711 3436; x_wconf 84' lang='lat' dir='ltr'><em>ut</em></span> <span class='ocrx_word' id='word_1_223' title='bbox 1745 3400 1824 3435; x_wconf 85' lang='lat' dir='ltr'><em>res</em></span> <span class='ocrx_word' id='word_1_224' title='bbox 1853 3390 2254 3448; x_wconf 74' lang='lat' dir='ltr'><em>repraesentantes</em></span> <span class='ocrx_word' id='word_1_225' title='bbox 2274 3401 2363 3439; x_wconf 81' lang='lat' dir='ltr'><em>seu</em></span> 
     </span>
     <span class='ocr_line' id='line_1_27' title="bbox 348 3456 2361 3521; baseline 0 -14"><span class='ocrx_word' id='word_1_226' title='bbox 348 3460 592 3507; x_wconf 80' lang='lat' dir='ltr'><em>creaturae</em></span> <span class='ocrx_word' id='word_1_227' title='bbox 610 3460 817 3520; x_wconf 78' lang='lat' dir='ltr'><em>propter·</em></span> <span class='ocrx_word' id='word_1_228' title='bbox 836 3458 1026 3521; x_wconf 63' lang='lat' dir='ltr'><em>seszas</em></span> <span class='ocrx_word' id='word_1_229' title='bbox 1046 3462 1291 3518; x_wconf 83' lang='lat' dir='ltr'><em>amentur,</em></span> <span class='ocrx_word' id='word_1_230' title='bbox 1316 3459 1399 3507; x_wconf 85' lang='lat' dir='ltr'><em>sed</em></span> <span class='ocrx_word' id='word_1_231' title='bbox 1430 3462 1487 3508; x_wconf 86' lang='lat' dir='ltr'><em>ut</em></span> <span class='ocrx_word' id='word_1_232' title='bbox 1506 3459 1558 3507; x_wconf 89' lang='lat' dir='ltr'><em>id</em></span> <span class='ocrx_word' id='word_1_233' title='bbox 1581 3462 1792 3518; x_wconf 82' lang='lat' dir='ltr'><em>ametur,</em></span> <span class='ocrx_word' id='word_1_234' title='bbox 1813 3456 1945 3518; x_wconf 86' lang='lat' dir='ltr'><em>quod</em></span> <span class='ocrx_word' id='word_1_235' title='bbox 1970 3471 2058 3517; x_wconf 80' lang='lat' dir='ltr'><em>per</em></span> <span class='ocrx_word' id='word_1_236' title='bbox 2077 3471 2159 3506; x_wconf 86' lang='lat' dir='ltr'><em>eas</em></span> <span class='ocrx_word' id='word_1_237' title='bbox 2179 3471 2361 3520; x_wconf 77' lang='lat' dir='ltr'><em>reprae·</em></span> 
     </span>
     <span class='ocr_line' id='line_1_28' title="bbox 346 3526 2363 3593; baseline 0.001 -17"><span class='ocrx_word' id='word_1_238' title='bbox 346 3529 595 3582; x_wconf 78' lang='lat' dir='ltr'><em>sentatur.</em></span> <span class='ocrx_word' id='word_1_239' title='bbox 618 3527 756 3577; x_wconf 85' lang='lat' dir='ltr'><em>Sicut</em></span> <span class='ocrx_word' id='word_1_240' title='bbox 777 3526 998 3590; x_wconf 85' lang='lat' dir='ltr'><em>princeps</em></span> <span class='ocrx_word' id='word_1_241' title='bbox 1012 3566 1027 3593; x_wconf 88' lang='lat'><em>‚</em></span> <span class='ocrx_word' id='word_1_242' title='bbox 1052 3529 1141 3591; x_wconf 82' lang='lat' dir='ltr'><em>qui</em></span> <span class='ocrx_word' id='word_1_243' title='bbox 1173 3528 1357 3592; x_wconf 82' lang='lat' dir='ltr'><em>optime</em></span> <span class='ocrx_word' id='word_1_244' title='bbox 1388 3530 1449 3579; x_wconf 88' lang='lat' dir='ltr'><em>de</em></span> <span class='ocrx_word' id='word_1_245' title='bbox 1484 3529 1643 3591; x_wconf 67' lang='lat' dir='ltr'><em>patria</em></span> <span class='ocrx_word' id='word_1_246' title='bbox 1674 3528 1763 3578; x_wconf 64' lang='lat' dir='ltr'><em>sua</em></span> <span class='ocrx_word' id='word_1_247' title='bbox 1790 3526 1994 3577; x_wconf 65' lang='lat' dir='ltr'><em>meritus</em></span> <span class='ocrx_word' id='word_1_248' title='bbox 2008 3560 2027 3590; x_wconf 81' lang='lat'>,</span> <span class='ocrx_word' id='word_1_249' title='bbox 2056 3527 2281 3578; x_wconf 73' lang='lat' dir='ltr'><em>victorias</em></span> <span class='ocrx_word' id='word_1_250' title='bbox 2300 3529 2363 3579; x_wconf 83' lang='lat' dir='ltr'><em>de</em></span> 
     </span>
     <span class='ocr_line' id='line_1_29' title="bbox 350 3598 2359 3663; baseline -0.001 -12"><span class='ocrx_word' id='word_1_251' title='bbox 350 3598 577 3651; x_wconf 79' lang='lat' dir='ltr'><em>hostibus</em></span> <span class='ocrx_word' id='word_1_252' title='bbox 596 3600 773 3648; x_wconf 81' lang='lat' dir='ltr'><em>relatas</em></span> <span class='ocrx_word' id='word_1_253' title='bbox 799 3599 1126 3662; x_wconf 80' lang='lat' dir='ltr'><em>depingendas</em></span> <span class='ocrx_word' id='word_1_254' title='bbox 1160 3603 1355 3651; x_wconf 82' lang='lat' dir='ltr'><em>curaret</em></span> <span class='ocrx_word' id='word_1_255' title='bbox 1380 3604 1431 3650; x_wconf 86' lang='lat' dir='ltr'><em>et</em></span> <span class='ocrx_word' id='word_1_256' title='bbox 1451 3600 1662 3663; x_wconf 85' lang='lat' dir='ltr'><em>depictas</em></span> <span class='ocrx_word' id='word_1_257' title='bbox 1688 3601 1878 3661; x_wconf 87' lang='lat' dir='ltr'><em>publico</em></span> <span class='ocrx_word' id='word_1_258' title='bbox 1911 3602 2203 3662; x_wconf 82' lang='lat' dir='ltr'><em>exponeret,</em></span> <span class='ocrx_word' id='word_1_259' title='bbox 2229 3602 2359 3650; x_wconf 85' lang='lat' dir='ltr'><em>certe</em></span> 
     </span>
     <span class='ocr_line' id='line_1_30' title="bbox 353 3667 2358 3735; baseline 0 -16"><span class='ocrx_word' id='word_1_260' title='bbox 353 3681 461 3719; x_wconf 86' lang='lat' dir='ltr'><em>non</em></span> <span class='ocrx_word' id='word_1_261' title='bbox 478 3667 657 3731; x_wconf 76' lang='lat' dir='ltr'><em>venet,</em></span> <span class='ocrx_word' id='word_1_262' title='bbox 680 3673 738 3719; x_wconf 86' lang='lat' dir='ltr'><em>ut</em></span> <span class='ocrx_word' id='word_1_263' title='bbox 772 3671 902 3720; x_wconf 87' lang='lat' dir='ltr'><em>oculi</em></span> <span class='ocrx_word' id='word_1_264' title='bbox 931 3677 1215 3735; x_wconf 83' lang='lat' dir='ltr'><em>mentesque</em></span> <span class='ocrx_word' id='word_1_265' title='bbox 1235 3672 1575 3735; x_wconf 77' lang='lat' dir='ltr'><em>aspicientium</em></span> <span class='ocrx_word' id='word_1_266' title='bbox 1611 3672 1666 3719; x_wconf 92' lang='lat' dir='ltr'><em>in</em></span> <span class='ocrx_word' id='word_1_267' title='bbox 1701 3671 1814 3732; x_wconf 85' lang='lat' dir='ltr'><em>ipsis</em></span> <span class='ocrx_word' id='word_1_268' title='bbox 1837 3671 2016 3720; x_wconf 79' lang='lat' dir='ltr'><em>tabulis</em></span> <span class='ocrx_word' id='word_1_269' title='bbox 2047 3670 2358 3733; x_wconf 84' lang='lat' dir='ltr'><em>conquiesce-</em></span> 
     </span>
     <span class='ocr_line' id='line_1_31' title="bbox 352 3738 2360 3808; baseline 0.002 -21"><span class='ocrx_word' id='word_1_270' title='bbox 352 3739 507 3798; x_wconf 72' lang='lat' dir='ltr'><em>rent,</em></span> <span class='ocrx_word' id='word_1_271' title='bbox 525 3738 688 3789; x_wconf 41' lang='lat' dir='ltr'><em>sedxut</em></span> <span class='ocrx_word' id='word_1_272' title='bbox 716 3740 768 3790; x_wconf 85' lang='lat' dir='ltr'><em>id</em></span> <span class='ocrx_word' id='word_1_273' title='bbox 797 3741 1095 3793; x_wconf 68' lang='lat' dir='ltr'><em>aestimarent</em></span> <span class='ocrx_word' id='word_1_274' title='bbox 1116 3749 1165 3795; x_wconf 83' lang='lat' dir='ltr'><em>et</em></span> <span class='ocrx_word' id='word_1_275' title='bbox 1200 3744 1580 3808; x_wconf 81' lang='lat' dir='ltr'><em>admirarentur,</em></span> <span class='ocrx_word' id='word_1_276' title='bbox 1604 3742 1735 3805; x_wconf 78' lang='lat' dir='ltr'><em>quod</em></span> <span class='ocrx_word' id='word_1_277' title='bbox 1757 3755 1844 3803; x_wconf 88' lang='lat' dir='ltr'><em>per</em></span> <span class='ocrx_word' id='word_1_278' title='bbox 1862 3741 2072 3805; x_wconf 74' lang='lat' dir='ltr'><em>picturas</em></span> <span class='ocrx_word' id='word_1_279' title='bbox 2092 3754 2360 3805; x_wconf 79' lang='lat' dir='ltr'><em>repraesen·</em></span> 
     </span>
    </p>
   </div>
   <div class='ocr_carea' id='block_1_7' title="bbox 350 3810 2363 3935">
    <p class='ocr_par' dir='ltr' id='par_1_7' title="bbox 350 3810 2363 3935">
     <span class='ocr_line' id='line_1_32' title="bbox 350 3810 2363 3931; baseline 0.013 -77"><span class='ocrx_word' id='word_1_280' title='bbox 350 3810 677 3931; x_wconf 48' lang='lat' dir='ltr'><em>¹tlztuengtatque</em></span> <span class='ocrx_word' id='word_1_281' title='bbox 694 3810 764 3865; x_wconf 77' lang='lat' dir='ltr'><em>ita</em></span> <span class='ocrx_word' id='word_1_282' title='bbox 799 3814 863 3866; x_wconf 69' lang='lat' dir='ltr'><em>ad</em></span> <span class='ocrx_word' id='word_1_283' title='bbox 900 3819 1097 3886; x_wconf 66' lang='lat' dir='ltr'><em>gratum</em></span> <span class='ocrx_word' id='word_1_284' title='bbox 1127 3817 1352 3890; x_wconf 69' lang='lat' dir='ltr'><em>animum</em></span> <span class='ocrx_word' id='word_1_285' title='bbox 1386 3828 1703 3883; x_wconf 66' lang='lat' dir='ltr'><em>amoremque</em></span> <span class='ocrx_word' id='word_1_286' title='bbox 1732 3827 1848 3882; x_wconf 60' lang='lat' dir='ltr'><em>erga</em></span> <span class='ocrx_word' id='word_1_287' title='bbox 1883 3812 2151 3879; x_wconf 65' lang='lat' dir='ltr'><em>1’1&#39;5003P0m</em></span> <span class='ocrx_word' id='word_1_288' title='bbox 2193 3827 2363 3865; x_wconf 59' lang='lat' dir='ltr'><em>‘cem‘</em></span> 
     </span>
     <span class='ocr_line' id='line_1_33' title="bbox 391 3892 612 3935; baseline 0.027 -7"><span class='ocrx_word' id='word_1_289' title='bbox 391 3892 448 3929; x_wconf 72' lang='lat' dir='ltr'><em>ci·</em></span> <span class='ocrx_word' id='word_1_290' title='bbox 535 3893 612 3935; x_wconf 77' lang='lat' dir='ltr'><em>ur.</em></span> 
     </span>
    </p>
   </div>
  </div>
 </body>
</html>
