2988 4832
1315 494 1416 570 43

355 627 572 704 omnia
599 677 615 708 ,
652 642 797 718 qum
821 625 892 695 iu
914 641 981 695 se
1002 624 1140 692 non'
1165 625 1538 713 repugnant
1571 625 1601 695 ἑ
1622 620 1798 714 atqui
1822 603 2060 697 creatio
2092 622 2206 692 sen
2226 638 2382 714 pro-

234 727 239 732 ’
353 737 566 807 ductio
596 734 960 807 substantias
1003 753 1086 800 ex
1117 731 1323 801 nihilo
1369 731 1470 799 sui
1502 734 1568 800 et
1614 730 1884 822 subjecti
1933 750 2070 803 non
2108 730 2376 801 involvit

354 844 917 931 contradictionem
959 841 1032 909 in
1076 861 1146 908 se
1171 864 1191 920 ς
1238 859 1394 928 ergo
1419 859 1537 908 ens
1563 850 1622 907 *a
1650 863 1713 906 se
1740 838 1932 909 debet
1952 859 2133 931 poene
2157 860 2380 915 clear·

351 953 632 1042 adeoque
660 948 927 1027 involvit
965 946 1039 1023 in
1064 966 1199 1023 suo
1218 950 1552 1051 ,conceptu
1576 945 2056 1041 possibilitatem
2082 944 2360 1022 aliarum

349 1057 881 1133 substantiarum.

437 1208 493 1299 b)
523 1209 610 1277 D.
638 1208 806 1295 Μαί.
832 1204 1197 1276 Substantia
1225 1211 1318 1275 est
1340 1202 1451 1283 id,·
1494 1203 1679 1294 quus
1708 1207 2053 1295 conceptus
2084 1218 2224 1272 non
2262 1202 2374 1277 in·-

350 1316 527 1408 diget
552 1318 868 1405 conceptu
890 1312 1149 1383 alterius
1177 1319 1491 1404 tanquam
1527 1312 1780 1399 subjecti
1804 1362 1824 1391 ,
1874 1310 1981 1380 cui
2021 1309 2329 1380 inhaereat
2348 1363 2372 1389 ‚

352 1424 427 1490 C.
456 1424 624 1508 Maj.
664 1418 763 1490 Ne
785 1425 1096 1510 tanquam
1117 1434 1318 1488 cauam
1350 1418 1614 1509 quidem
1638 1469 1654 1496 ,
1685 1418 1962 1497 Subdiu.
2009 1415 2379 1493 Substantia

344 1539 598 1606 infinita
626 1542 689 1605 et
716 1561 760 1604 a
786 1558 847 1602 se
867 1587 886 1615 ,
926 1538 1000 1603 C.
1048 1538 1218 1623 Μαί.
1267 1532 1633 1602 Substantia
1669 1532 1852 1603 finita
1880 1538 1945 1601 et
1967 1535 2044 1601 ab
2071 1535 2199 1602 alio
2217 1583 2236 1612 .
2277 1536 2384 1605 NJ

212 1724 219 1731 ‚
341 1647 514 1733 Maj.
545 1650 610 1715 et
631 1645 721 1714 D.
747 1644 917 1715 Min.
976 1641 1264 1712 Unicum
1293 1646 1390 1710 est
1422 1663 1541 1709 ens
1567 1693 1585 1720 ,
1636 1643 1820 1731 cujus
1849 1645 2193 1732 conceptus
2229 1661 2367 1710 non

344 1750 617 1819 involvit
638 1756 1024 1840 conceptum
1056 1747 1315 1816 alterius
1346 1753 1658 1839 tanquam
1685 1748 1938 1836 subjecti
1956 1798 1975 1827 .
2011 1750 2119 1817 cui
2154 1748 2376 1817 inbre-

344 1865 525 1938 reat,
569 1859 660 1928 N.
695 1859 866 1927 Min.
934 1854 1222 1925 Unicum
1250 1907 1269 1936 ,
1308 1857 1489 1946 cujus
1520 1859 1866 1947 conceptus
1911 1860 2048 1924 ‘non
2099 1854 2374 1928 involvit

346 1969 729 2056 conceptum
762 1962 1020 2031 alterius
1049 1966 1359 2053 tanquam
1380 1983 1586 2034 causae
1609 2014 1630 2045 ,
1672 1962 1748 2033 G.
1777 1964 1951 2034 Min.
1975 1968 2040 2032 et
2060 1963 2149 2032 Ν.
2180 1964 2366 2037 Com.

341 2070 567 2163 Itaque
611 2070 1009 2162 concipimus
1066 2069 1285 2161 plures
1324 2068 1706 2140 substantias
1757 2067 1967 2139 finitas
1988 2120 2008 2149 ,
2051 2089 2199 2160 quae
2233 2090 2370 2139 non

340 2174 792 2269 concipiuntur
839 2197 963 2246 nec
998 2176 1262 2267 concipi,
1300 2182 1566 2267 possunt
1622 2176 1807 2247 alteri
1833 2181 2147 2266 tanquam
2213 2178 2371 2253 sub-

334 2286 507 2375 Jecto
538 2284 851 2355 inhaerere
873 2334 896 2363 ‚
926 2288 992 2351 et
1020 2287 1355 2374 propterea
1378 2288 1532 2353 sunt
1569 2283 1790 2374 plures
1833 2288 1898 2356 et
1943 2283 2029 2355 ab
2083 2284 2368 2361 invicem

343 2392 651 2461 distinctae
686 2389 1077 2462 substantiae.
1125 2389 1233 2459 Sic
1253 2394 1421 2460 certe
1464 2389 1685 2460 anima
1705 2395 1923 2459 nostra
1946 2390 2371 2470 essentialitas

340 2496 611 2589 simplex
645 2502 709 2572 et
747 2497 1093 2570 intrinseca
1112 2498 1427 2572 activitate
1449 2497 1716 2589 praedita
1743 2519 1881 2568 non
1919 2503 2124 2591 potest
2137 2496 2372 2576 ‚inhae-

340 2628 486 2678 rere
532 2628 597 2674 v.
640 2628 709 2697 g.
758 2603 957 2695 lapidi
981 2657 1000 2685 ‚
1046 2626 1170 2678 nec
1206 2604 1368 2699 lapis
1403 2606 1668 2680 animae.
1717 2605 1836 2678 Ast
1866 2605 1972 2682 hae
2003 2606 2374 2688 substantiae

340 2717 495 2790 sunt
534 2711 728 2787 finitae
744 2762 766 2791 ‚
793 2717 859 2784 et
881 2712 1037 2782 hinc
1056 2714 1405 2786 necessario
1432 2735 1696 2784 causam
1724 2738 1767 2788 a
1788 2737 1849 2790 se
1894 2715 2368 2816 praerequirunt

340 2822 606 2911 ejusque
643 2824 1028 2911 conceptum
1048 2820 1429 2894 involvunt.
1477 2821 1653 2914 Ergo
1682 2828 2028 2918 conceptus
2067 2823 2367 2898 substan-2

346 2929 457 2997 tiae
512 2948 649 3000 non
700 2925 978 2998 excludit
1035 2933 1419 3021 conceptum
1445 2933 1459 2966 *²
1491 2950 1699 3000 causae
1732 2979 1757 3010 ,
1812 2951 1854 3004 a
1906 2931 2036 3021 qua
2076 2936 2367 3012 actuetur

343 3035 700 3106 substantia
723 3087 742 3115 ,
787 3036 909 3105 nisi
946 3056 1157 3106 sermo
1185 3037 1265 3105 sit
1302 3037 1380 3107 de
1422 3028 1774 3108 substantia
1810 3038 2060 3110 infinita
2097 3043 2229 3107 eta
2254 3063 2314 3110 se
2338 3059 2370 3128 ,·

340 3165 489 3232 quae
509 3144 727 3235 utique
747 3194 765 3224 ,
808 3164 946 3216 non
964 3143 1115 3235 quia
1144 3142 1489 3218 substantia
1524 3151 1618 3214 est
1646 3198 1664 3226 ‚
1699 3146 1813 3216 sed
1832 3148 1982 3237 quia
2003 3145 2354 3225 substantia

338 3251 697 3322 necessaria
720 3255 786 3320 et
808 3273 851 3320 a
878 3274 939 3320 σε
956 3250 1240 3342 adeoque
1270 3253 1521 3322 infinita
1541 3259 1634 3322 est
1679 3304 1698 3333 .
1755 3253 2034 3323 excludit
2078 3272 2361 3348 coneep-
2400 3298 2410 3307 -

337 3362 484 3425 tum
514 3357 775 3428 alterius
800 3358 992 3428 etiam
1025 3360 1154 3449 qua
1187 3380 1413 3429 causoe.
1452 3358 1642 3429 Unde
1664 3361 1857 3429 etiam
1885 3365 2056 3452 patet
2079 3380 2362 3451 respon-

338 3485 489 3536 sum
508 3464 590 3534 ad
609 3465 771 3540 illud
786 3509 806 3545 ,
851 3465 1023 3557 quod
1047 3466 1259 3548 addit,
1293 3467 1712 3542 substantiam
1734 3489 1775 3538 a
1818 3469 2168 3540 substantia
2195 3490 2364 3561 pro-

337 3569 492 3640 duci
505 3592 639 3640 non
666 3594 846 3664 posse
874 3624 893 3658 ,
928 3595 1006 3644 eo
1037 3574 1211 3664 quod
1244 3583 1589 3667 conceptus
1621 3577 1987 3648 substantiae
2026 3574 2353 3669 productae

336 3677 649 3768 indigeret
678 3684 991 3771 conceptu
1037 3681 1298 3749 alterius
1345 3686 1656 3772 tanquam
1709 3704 1937 3752 causae.
1996 3681 2355 3773 Conceptus

337 3785 518 3854 enim
542 3786 797 3858 alterius
820 3793 1133 3882 tanquam
1157 3808 1362 3864 causae
1385 3813 1521 3862 non
1549 3792 1709 3864 tollit
1740 3795 2124 3884 conceptum
2154 3790 2353 3862 subs-

334 3892 593 3975 tantiae;
627 3893 736 3970 sed
761 3898 1009 3997 tantum
1035 3903 1375 3993 conceptus
1406 3898 1661 3969 alterius
1692 3904 2003 3988 tanquam
2035 3897 2298 3990 subjecti
2325 3948 2345 3980 .

744 4105 752 4170 ¹
858 4195 867 4202 c
