2988 4832
337 605 512 681 Deus
545 607 740 680 habet
782 606 1127 679 bonitatem
1172 497 1593 698 resffigtivam
1632 588 1952 680 infinitam
1990 610 2058 677 et
2090 606 2352 698 quidem

337 743 454 812 per
482 718 864 798 essentiam3
903 738 1060 808 crgo
1085 737 1204 809 per
1230 714 1573 787 essentiam
1597 722 1692 786 est
1719 717 1914 788 etiam
1942 715 2191 791 infinite
2218 717 2352 785 mi-

339 829 603 899 sericors
632 826 745 910 (1).
772 825 857 896 Et
883 845 1040 896 vero

401 1081 472 1149 (1)
500 1083 563 1134 Ut
578 1082 726 1134 variae
747 1083 1055 1134 difficultates
1089 1082 1221 1134 circa
1240 1082 1514 1136 bonitatem
1548 1086 1601 1136 et
1634 1080 2046 1137 miset-icordiam‘
2072 1080 2163 1132 Dei
2187 1117 2204 1143 ,
2237 1094 2357 1144 quae

336 1154 552 1206 maxime
570 1168 633 1205 ex
646 1155 777 1204 malo
800 1168 953 1217 poenae
968 1159 1167 1205 aeternae
1191 1158 1360 1205 ortum
1382 1156 1590 1221 ducunt,
1613 1156 1696 1207 hic
1716 1158 1937 1207 breviter
1955 1158 2281 1220 attingantur,
2303 1154 2358 1202 in

336 1224 538 1275 unicam
554 1225 882 1287 objectionem
903 1229 955 1275 et
976 1225 1040 1276 ad
1067 1228 1275 1277 unicum
1299 1240 1593 1290 responsum
1614 1229 1953 1278 contrahimus
1974 1241 2054 1290 ea,
2079 1240 2188 1290 quae
2210 1236 2362 1287 supra

339 1296 463 1347 sect.
487 1296 552 1348 11.
585 1296 705 1360 Gap.
731 1300 784 1347 1⁰
807 1296 872 1346 de
890 1296 1016 1348 mit.
1038 1296 1149 1356 Dei,
1170 1297 1295 1360 Pag.
1317 1300 1413 1347 296
1430 1302 1482 1348 et
1501 1312 1638 1362 seqq.
1660 1298 1768 1348 ruse
1787 1300 2124 1349 tractavimus.
2146 1297 2360 1347 Scilicet.

399 1374 532 1426 Deus
556 1375 698 1427 calva
730 1374 941 1427 bonitate
973 1377 1066 1427 sua
1087 1379 1168 1428 vel
1185 1391 1283 1427 non
1301 1379 1465 1442 potuit
1498 1376 1755 1428 concedere
1783 1377 2086 1443 libertatem,
2132 1378 2215 1426 vel
2245 1390 2360 1428 con-

337 1447 475 1499 med
496 1446 719 1499 azetaee
735 1446 903 1497 debuit
923 1448 1181 1499 concedere
1196 1448 1394 1513 gratias
1414 1447 1656 1515 efficaceS,
1679 1452 1738 1499 ut
1757 1462 1907 1499 nemo
1928 1448 2268 1500 damnaretur.
2337 1480 2348 1484 -

398 1529 478 1580 Ad
497 1528 629 1593 quod
648 1529 719 1578 ita
738 1528 1122 1590 respondemus:

397 1606 531 1658 Deus
549 1608 685 1658 salva
698 1609 916 1658 bonitate
938 1623 1040 1657 non
1075 1610 1235 1659 solum
1257 1614 1418 1671 potuit
1448 1623 1636 1672 creare,
1653 1610 1739 1661 sed
1761 1611 2007 1662 creatione
2029 1612 2180 1662 etiam
2197 1611 2361 1662 maxi-

340 1694 475 1731 mam
503 1680 773 1730 honitatem
792 1680 1134 1732 manifestavit.
1160 1681 1308 1747 (Vide
1331 1695 1439 1744 cap.
1463 1682 1675 1744 praeced.
1698 1681 1773 1732 De
1799 1684 2019 1733 bonitate
2045 1684 2138 1735 Dei
2160 1697 2363 1746 respec-

340 1752 475 1802 tiva:
496 1751 804 1813 probationes
825 1750 947 1800 duas
973 1752 1200 1815 priores.)
1219 1752 1306 1801 Ast
1327 1753 1459 1801 Deus
1478 1753 1522 1802 sl
1549 1756 1701 1816 creat,
1733 1753 2009 1804 necessario
2025 1754 2185 1804 *debet
2223 1752 2362 1817 operi

340 1823 645 1885 praestituere
669 1826 907 1886 tanquam
937 1823 1092 1873 finem
1120 1825 1332 1887 gloriam
1353 1837 1498 1874 suam
1519 1825 1850 1876 extrinsecam
1877 1839 1966 1875 seu
2004 1826 2360 1875 manifestatio-

342 1908 459 1946 nem
477 1896 761 1946 divinarum
777 1909 983 1946 suarum
1007 1896 1364 1959 perfectionum
1386 1931 1402 1958 ,
1464 1898 1685 1961 adeoque
1707 1911 1875 1948 creare
1902 1911 1990 1948 ens
2010 1899 2250 1948 rationale
2273 1911 2364 1949 seu

343 1979 429 2016 cns
442 1967 724 2030 intellig-ens
742 2001 759 2029 ,
796 1967 878 2017 cui
896 1967 1002 2017 istoe
1035 1968 1355 2031 perfectiones
1374 1968 1767 2020 manifestentur.
1801 1969 2040 2034 (Cos-mol.
2074 1968 2195 2032 Pag.
2224 1972 2282 2018 89
2314 1971 2366 2019 et

349 2051 463 2099 pag.
483 2035 600 2102 92.)
622 2038 720 2088 Eus
742 2049 860 2088 vero
886 2038 1167 2102 intelligens
1185 2042 1262 2088 cst
1281 2039 1553 2088 necessario
1573 2039 1809 2101 liberum,
1851 2039 2064 2105 (Psych.
2089 2041 2197 2090 nat.
2234 2040 2355 2103 Pag.

356 2112 447 2157 110
466 2112 710 2159 notamex
736 2112 788 2162 S.
813 2111 992 2161 Thom.
1014 2110 1138 2160 etin
1166 2109 1336 2159 nostra
1358 2109 1575 2175 synopsi)
1600 2114 1650 2160 et
1671 2110 1874 2173 quidem
1890 2147 1905 2172 ‚
1946 2113 2117 2173 utpote
2139 2115 2365 2164 creatum

343 2183 395 2229 et
413 2184 767 2244 cousequenter
783 2182 998 2246 finitum,
1014 2180 1233 2232 liberum
1248 2180 1477 2232 libertate
1498 2181 1642 2232 finita
1663 2182 1886 2246 adeoque
1909 2195 2024 2232 cum
2044 2180 2363 2244 possibilitate

344 2253 524 2305 abusus
546 2253 828 2317 conjuncta.
856 2253 1006 2318 Ergor

401 2367 454 2436 a)
475 2369 606 2420 Deus
625 2366 766 2420 salva
787 2366 881 2419 sud
903 2364 1115 2418 bonitate
1125 2366 1296 2433 polide
1319 2364 1578 2419 concedere
1613 2365 1926 2432 tiberialem,
1950 2370 2002 2418 et
2021 2366 2226 2431 quidem
2246 2381 2364 2419 cum

342 2442 659 2504 possibmtate
693 2439 875 2489 abusus
918 2439 1269 2504 conjunctam5
1309 2453 1426 2489 cum
1447 2452 1587 2490 secus
1620 2453 1687 2490 ne
1723 2453 1892 2490 creare
1920 2440 2124 2502 quidem
2142 2442 2362 2503 adeoque

343 2511 535 2561 nullam
567 2510 839 2561 bonitatem
866 2511 1189 2574 respectivam
1218 2511 1457 2562 exhihere
1477 2514 1658 2572 posset.
1682 2510 1792 2561 Imo
1820 2511 2023 2562 liberta:
2055 2515 2278 2563 humana
2302 2527 2365 2564 ea

343 2587 435 2646 est,
456 2597 564 2645 quae
585 2584 687 2633 sola
707 2584 949 2645 compleat
969 2581 1187 2632 hominis
1206 2581 1587 2658 beatitudinem.
1609 2583 1706 2632 Ast

403 2662 454 2728 b)
477 2663 608 2713 Deus
623 2664 845 2715 comessa
875 2662 1101 2716 libertate
1116 2676 1215 2715 non
1230 2661 1373 2715 dehet
1396 2676 1484 2714 seu
1499 2676 1600 2715 noa
1621 2663 1812 2715 tenetur
1840 2663 2086 2730 inpedire
2104 2665 2219 2730 ejus
2235 2664 2362 2716 abu-

342 2748 459 2786 eum
485 2734 670 2801 qratiie
688 2734 988 2800 efficacibus,
1012 2738 1066 2786 et
1084 2734 1289 2800 quidem

404 2836 457 2903 α)
476 2837 645 2904 Neque
668 2838 897 2901 exparte
915 2839 1277 2900 &eatur-cnm
1299 2847 1520 2900 quarum
1543 2839 1754 2903 natura,
1777 2839 1951 2902 utpote
1978 2840 2156 2905 finita,
2197 2841 2365 2906 potius

345 2912 556 2961 abusum
575 2909 856 2972 possibilem
880 2908 942 2957 de
962 2920 1017 2958 se
1034 2907 1193 2971 exigit

370 3011 371 3016 ¹
406 2997 457 3064 ὁ)
489 2998 657 3065 Neque
670 3010 735 3048 ex
750 2996 933 3047 natura
953 2994 1186 3047 bonitatis
1213 2994 1422 3058 divinoe,
1450 2993 1554 3045 sive
1574 2993 1810 3046 absolutae
1824 3033 1839 3061 ,
1864 2999 2036 3059 utpote
2073 3012 2183 3061 quae
2204 2999 2366 3049 inclu-

347 3069 421 3119 dit
441 3068 711 3119 necessario
730 3068 1011 3118 libertatem
1042 3067 1097 3119 in
1118 3067 1347 3117 omnihus
1368 3067 1599 3129 operibus
1635 3068 1699 3116 ad
1721 3070 1863 3117 extra
1890 3081 1905 3118 ι
1931 3068 2032 3119 sive
2066 3070 2365 3134 respectz'vae.

347 3141 518 3202 utpote
537 3153 648 3202 quae
666 3152 769 3189 non
790 3141 945 3202 potest
968 3138 1031 3189 ad
1050 3140 1191 3190 extra
1217 3141 1269 3188 et
1288 3137 1343 3187 in
1359 3139 1538 3188 ellectu
1563 3137 1759 3188 infinita
1778 3151 1903 3190 esse.
1940 3139 2368 3198 Quemadmodum

353 3211 489 3259 enim
509 3210 727 3273 potentia
750 3209 861 3271 Dei,
886 3212 999 3259 utut
1019 3209 1219 3259 infinita
1244 3209 1302 3257 in
1318 3221 1370 3257 se
1384 3243 1402 3271 ,
1443 3221 1549 3258 non
1580 3211 1739 3271 potest
1763 3212 1930 3270 tamen
1971 3210 2223 3259 infinitum
2245 3224 2367 3272 opus

348 3284 617 3347 producere
635 3317 651 3345 ‚
689 3284 748 3332 ut
788 3284 910 3332 adeo
941 3280 1036 3344 ipsi
1075 3292 1179 3331 non
1214 3282 1392 3345 restet,
1434 3279 1533 3329 nisi
1562 3281 1643 3329 vel
1664 3280 1793 3329 nihil
1822 3283 1906 3330 vel
1942 3281 2129 3344 aliquid
2168 3281 2368 3332 finitum

352 3366 519 3406 creare
540 3354 645 3405 :ita
663 3354 812 3403 etiam
832 3353 1022 3403 bonitas
1042 3349 1136 3403 Dei
1160 3352 1447 3414 respectiva,
1472 3354 1586 3401 utut
1602 3352 1798 3402 infinita
1822 3353 1876 3403 in
1897 3367 1964 3419 se,
1990 3368 2092 3403 non
2111 3357 2267 3416 potest
2289 3359 2366 3404 ta-

349 3437 468 3474 men
485 3424 741 3474 hominem
763 3424 823 3473 ad
840 3437 1095 3473 summum
1115 3422 1396 3486 possibilem
1416 3421 1630 3485 gradum
1655 3423 1967 3485 perfectionis
1989 3426 2040 3474 et
2063 3424 2366 3475 beatititudi-

351 3495 430 3545 nis
448 3496 676 3557 evehere,
696 3499 753 3544 ut
776 3494 896 3544 adeo
913 3499 965 3545 et
985 3493 1193 3544 bonitati
1225 3494 1404 3543 divinae
1424 3507 1529 3543 non
1550 3496 1718 3559 restet,
1744 3494 1840 3544 nisi
1869 3497 1949 3545 vel
1970 3496 2225 3568 hominem
2254 3512 2365 3547 om·

352 3568 473 3620 nino
493 3581 596 3620 non
615 3580 781 3617 creare
795 3601 814 3629 ,
839 3567 919 3615 vel
939 3580 1054 3617 eum
1075 3565 1319 3617 destinare
1352 3564 1416 3614 ad
1437 3564 1651 3629 gradum
1672 3565 1888 3629 aliquem
1914 3566 2222 3630 perfectionis
2247 3568 2363 3618 fini-

352 3644 481 3692 tum.
518 3638 646 3703 Ergo
675 3638 818 3689 sicuti
852 3638 1218 3700 omnipotentiae
1248 3636 1428 3687 divinae
1450 3650 1599 3687 nemo
1626 3637 1746 3688 vitio
1764 3639 1949 3700 vertit,
1973 3639 2014 3688 si
2034 3640 2279 3690 muudum
2310 3641 2365 3693 iu

353 3713 449 3762 hoc
465 3711 625 3774 potius
640 3745 657 3773 ,
679 3723 830 3773 quam
845 3710 942 3759 alio
963 3710 1121 3772 gradu
1160 3707 1435 3758 fluitudinls
1454 3709 1598 3770 tereet
1615 3746 1630 3769 ‚
1676 3710 1894 3772 adeoque
1922 3709 2015 3760 hoc
2036 3714 2195 3773 potius
2215 3726 2364 3775 quam

355 3783 452 3832 alio
466 3782 612 3831 modo
629 3783 748 3833 velit
768 3794 884 3832 eum
898 3780 961 3831 ad
978 3781 1130 3831 finem
1151 3780 1384 3829 ultimum
1401 3780 1679 3844 creationis,
1702 3781 1741 3833 i.
1762 3794 1810 3831 e.
1831 3782 1894 3831 ad
1916 3784 2362 3834 manifestationem

355 3855 634 3905 divinarum
652 3855 1006 3918 perfectionum
1017 3854 1235 3916 tendere,
1262 3853 1329 3901 ita
1350 3864 1380 3900 a
1404 3852 1513 3913 pari
1533 3866 1634 3902 non
1656 3856 1730 3902 est
1750 3853 1963 3903 defectus
1985 3855 2161 3918 aliquis
2181 3856 2232 3903 in
2274 3856 2361 3902 bo-

356 3926 507 3979 nitate
528 3927 699 3980 divina-
715 3964 731 3996 ,
756 3929 797 3982 si
835 3927 1091 3981 hominem
1114 3927 1177 3980 iu*
1202 3928 1295 3978 hoc
1333 3925 1510 3990 potius,
1554 3939 1704 3989 quam
1738 3927 1831 3977 alio
1874 3927 2031 3990 gradu
2054 3927 2360 3990 perfectionis
