2988 4832
272 548 282 579 Ι

1324 447 1447 525 201
1865 517 1874 527 .

479 576 685 671 Atque
705 575 862 647 hinc
878 580 1067 669 patet,
1097 580 1307 646 solum
1323 592 1383 657 τὸ
1407 599 1524 646 esse
1538 578 1898 667 simplicitur
1912 558 2167 701 proprie
2191 575 2392 659 nosch

392 686 606 756 omnia
629 686 903 776 reliqua
906 706 1059 754 vero
1089 683 1385 774 cognosci
1414 705 1527 752 seu
1558 685 1806 776 concipi
1838 685 1921 775 (1)
1947 705 2096 777 quia
2120 686 2412 756 sensatio

392 799 452 862 et
468 795 610 862 idea
623 794 715 862 τοΰ
736 818 852 862 esse
868 793 1225 881 simpliciter
1243 792 1313 861 in
1323 812 1527 861 unam
1545 792 1997 862 conscientiam
2013 791 2393 864 coalescunt.

389 898 669 971 Demum
1304 956 1321 977 .
1541 913 1588 947 ⁸

474 1030 544 1100 3⁰
574 1030 911 1125 Sensimus
944 1053 1026 1101 An
1066 1054 1282 1102 msun
1308 1028 1745 1103 tusnusmmtm
1773 1033 2064 1126 concipit
2087 1051 2398 1103 mmmc-

325 1146 334 1153 '
390 1159 538 1219 wa,
575 1145 888 1230 quatenus
930 1162 1007 1209 ex
1054 1140 1207 1208 ideis
1228 1139 1681 1219 'sensualibu5,
1718 1141 2106 1232 proelucentc
2151 1164 2399 1232 sempor

387 1246 625 1316 norma
647 1247 858 1317 omnis
882 1270 1000 1315 esse
1025 1246 1130 1315 vel
1161 1246 1464 1316 abstrahit
1498 1269 1722 1316 omnes
1750 1253 1931 1317 notas
1954 1248 2144 1317 etiam
2174 1247 2400 1317 indivi-

388 1355 643 1432 duales,
677 1337 1130 1423 considerando
1153 1376 1303 1434 eaS,
1334 1369 1493 1446 quas
1521 1356 1590 1423 in
1614 1354 1874 1444 objectis
1899 1330 2302 1425 sensibilibus
2327 1361 2398 1433 ut

388 1460 534 1522 actu
568 1454 826 1521 sociatas
858 1454 1181 1543 percepit,
1212 1453 1283 1519 in
1306 1453 1620 1519 abstracto
1648 1459 1720 1519 ut
1752 1475 1929 1520 mere
1955 1452 2296 1532 sociabiles,
2335 1459 2408 1521 et,

389 1561 481 1630 sic
511 1561 742 1629 format
780 1565 1161 1652 conceptum
1189 1560 1624 1648 possibilium,·
1667 1560 1772 1627 vel
1817 1559 2123 1626 abstrahit
2151 1565 2397 1628 tantum

387 1672 573 1737 notas
595 1666 963 1736 'essentiales
1000 1671 1089 1748 ⁸et·
1118 1665 1274 1734 hinc
1305 1687 1689 1735 communes
1718 1665 2018 1733 omnibus
2061 1665 2399 1735 individuis

385 1775 653 1865 alicujus
675 1774 884 1843 classis
906 1826 924 1854 ,
976 1774 1148 1841 etsie
1172 1774 1406 1841 format
1441 1777 1786 1864 conceptus
1817 1773 1972 1861 speci
1970 1776 2113 1861 ficos
2142 1778 2204 1839 ct
2223 1796 2399 1861 qene-

386 1883 547 1947 ricos
571 1903 683 1948 seu
705 1883 872 1948 ideas
903 1883 1319 1961 universales5
1357 1879 1465 1949 vel
1491 1879 1766 1948 demum¹
1790 1880 2141 1948 considerat
2178 1880 2249 1950 in
2283 1881 2399 1948 ob-

304 2004 311 2014 ·
383 1991 551 2079 jecto
595 2012 713 2080 per
756 2011 976 2074 sensus
1011 1988 1155 2057 dato
1184 1988 1314 2056 sive
1346 1987 1415 2056 id
1439 2038 1458 2068 ,
1515 1987 1687 2077 quod
1724 1990 2092 2077 permanet,
2148 1992 2213 2054 et
2257 1990 2399 2055 ,ub-

387 2096 637 2160 stamiae
668 2145 684 2172 ,
722 2096 863 2163 sive·
881 2094 968 2172 id,
1007 2094 1181 2184 quod
1210 2098 1496 2162 mutatur
1524 2141 1542 2171 ,
1576 2097 1640 2159 et
1678 2093 1995 2159 modorum
2024 2097 2398 2184 conceptum

389 2202 679 2293 acquirit,
710 2205 772 2269 et
799 2201 886 2269 ita
916 2223 1109 2290 porro
1143 2200 1250 2291 (2).

397 2437 424 2466 ,ο
454 2414 526 2481 (1)
547 2416 645 2466 Per
674 2414 809 2465 nosci
826 2413 909 2465 hic
928 2413 1107 2463 denoto
1138 2427 1198 2463 ex
1222 2413 1396 2476 smpius
1419 2408 1559 2466 dictis
1583 2414 1920 2465 immediatam
1957 2418 2008 2464 ct
2028 2416 2179 2466 talem
2200 2429 2402 2484 percep·¹

384 2491 577 2542 tionem
592 2524 608 2550 ‚
633 2502 741 2550 quae
760 2486 865 2536 sine
891 2499 1131 2534 concursu
1153 2487 1369 2546 interim,
1394 2489 1568 2536 saltem
1589 2486 1770 2535 directe
1790 2520 1806 2546 ,
1828 2486 1938 2537 ficri
1963 2490 2122 2549 posset
2146 2500 2161 2537 t
2184 2501 2272 2549 per
2286 2501 2397 2551 009·-

384 2561 523 2612 nosci
544 2573 632 2609 seu
651 2557 863 2621 con-cipi
880 2569 998 2606 vero
1018 2557 1198 2607 denoto
1216 2557 1563 2619 cogitationem
1582 2557 1772 2606 duobus
1793 2557 2048 2605 clementis
2067 2557 2398 2622 compositum

384 2633 516 2683 sicut
535 2643 682 2681 omne
696 2628 941 2689 iudicium
960 2629 1059 2677 duo
1082 2630 1329 2679 elementa
1350 2663 1368 2691 ,
1407 2628 1527 2679 alias
1548 2629 1670 2678 duos
1700 2630 1989 2692 conceptus,
2030 2628 2367 2692 complectitur
2381 2663 2398 2692 ‚

382 2718 476 2755 sen
495 2702 736 2765 con-capit
753 2734 771 2762 ,
791 2713 949 2748 unum
979 2714 1092 2749 cum
1113 2702 1267 2749 altero
1293 2699 1572 2762 conjungit.

449 2783 529 2833 Ne
546 2793 664 2830 vcro
685 2780 807 2828 forte
828 2779 1099 2828 cavillando
1127 2780 1235 2841 quis
1256 2779 1434 2829 inserat
1455 2792 1469 2828 ε
1493 2793 1634 2829 omne
1646 2814 1664 2845 ,
1688 2778 1822 2844 quod
1836 2782 1912 2830 est
1924 2795 2010 2831 seu
2029 2796 2134 2832 esse
2146 2779 2289 2833 habet
2300 2816 2318 2844 ,
2340 2795 2395 2833 ea

388 2851 651 2917 Ontoloqid
670 2850 796 2914 Paq.
811 2851 935 2899 1972
957 2851 1031 2898 est
1064 2850 1129 2899 in·
1147 2864 1201 2899 se
1232 2849 1550 2914 coquoseibile
1568 2849 1784 2914 adeoque
1801 2852 2025 2915 coquos-ei
2043 2855 2237 2916 potest:
2264 2856 2397 2918 atqui

386 2939 472 2975 res
491 2920 745 2973 sensibiles
771 2933 868 2969 non
880 2922 1087 2983 possunt
1115 2922 1339 2984 coquosci
1369 2921 1476 2970 sine
1513 2921 1631 2971 idea
1663 2926 1743 2972 τοῦ
1755 2935 1860 2972 esse
1879 2922 2173 2984 simpliciter
2190 2922 2397 2988 adeoque

385 3010 476 3048 nec
493 2996 608 3044 sunt
627 2993 681 3042 in
703 3005 758 3041 se
775 2990 1121 3055 coquoscibiles
1138 2993 1246 3041 sine
1266 2992 1361 3042 illd
1379 2991 1496 3042 idea
1517 3006 1536 3054 ;
1570 3006 1689 3057 erqo
1717 3006 1813 3042 non
1832 2989 2005 3040 liabent
2023 3005 2126 3039 esse
2140 2993 2397 3055 proprium
2449 2995 2455 3001 '

389 3065 606 3131 adeoque
639 3075 736 3113 non
754 3063 868 3110 sunt
882 3062 1014 3110 entia
1034 3074 1055 3111 .·
1074 3062 1242 3123 paucis
1260 3063 1344 3112 hic
1361 3063 1544 3112 adnoto
1572 3075 1588 3113 ε
1609 3062 1745 3113 aliud
1776 3075 1879 3112 csse
1897 3097 1915 3125 ,
1939 3061 2125 3123 aliquid
2153 3073 2256 3112 esse
2278 3062 2331 3112 in
2349 3077 2397 3115 se

390 3132 712 3201 coquoscibile
733 3165 751 3193 ,
789 3134 840 3180 ct
861 3131 995 3181 aliud
1015 3167 1031 3193 ,
1056 3132 1180 3182 illud
1200 3134 1312 3183 actu
1329 3132 1554 3197 coquo-eci
1582 3145 1603 3183 :
1638 3133 1763 3183 sicut
1786 3132 1923 3182 aliud
1954 3135 2027 3180 est
2042 3168 2058 3194 ‚
2090 3145 2193 3181 esse
2218 3132 2396 3196 aliquid

392 3207 447 3255 in
465 3220 519 3255 se
536 3202 734 3255 visibile
756 3205 808 3251 et
827 3202 961 3251 aliud
979 3239 993 3265 ,
1017 3202 1143 3252 illud
1163 3205 1275 3253 actu
1298 3204 1482 3256 videri.
1504 3203 1931 3262 Quemadmodum
1949 3216 2067 3251 vero
2088 3205 2267 3264 praeter
2285 3204 2395 3253 visi·

391 3275 635 3327 &litatem
662 3273 736 3324 rei
759 3273 813 3322 in
831 3288 883 3322 se
899 3309 915 3335 ‚
935 3277 1090 3323 utres
1111 3277 1223 3324 actu
1249 3275 1478 3325 videatur
1496 3310 1512 3336 ,
1535 3274 1805 3337 requiritur
1822 3276 1996 3326 lumen
2015 3272 2270 3336 physicum
2285 3309 2301 3334 ‚
2336 3276 2396 3326 its

385 3351 578 3415 praeter
591 3341 865 3410 coquoscibz·
866 3345 1053 3395 litatem
1072 3347 1198 3396 eutis
1217 3345 1327 3397 talis
1346 3346 1400 3396 in
1418 3360 1472 3397 se
1487 3380 1508 3405 ,
1527 3350 1584 3397 ut
1605 3359 1693 3396 ens
1712 3346 1807 3395 hoc
1826 3347 1939 3395 actu
1963 3347 2278 3409 coquoscatur
2289 3378 2308 3408 ,
2329 3360 2397 3396 re».

393 3420 613 3484 quiritur
632 3419 745 3469 idea
761 3421 841 3470 ccii
857 3432 962 3468 esse
982 3418 1294 3475 simpliciter.

460 3522 530 3590 (2)
565 3524 723 3572 Nimis
741 3525 947 3584 longum
969 3523 1052 3573 hic
1069 3526 1196 3573 esset
1222 3523 1568 3574 tormationcm
1599 3524 1826 3574 omnium
1849 3525 2172 3586 conceptuum
2195 3536 2398 3576 enumed

396 3606 535 3655 rare3
557 3594 642 3643 sed
661 3594 821 3656 quivis
842 3594 983 3644 facile
1002 3595 1209 3643 deducet
1226 3594 1421 3656 quosvis
1440 3596 1701 3655 conceptus
1721 3594 1824 3643 sive
1844 3606 1906 3643 ex
1925 3595 2036 3644 idea
2058 3601 2137 3646 τοῦ
2156 3608 2263 3645 esse
2278 3598 2395 3647 sim·

391 3665 595 3734 pliciter
609 3662 792 3714 directe
807 3702 823 3729 ,
840 3664 942 3714 sive
961 3678 1024 3714 cx
1043 3665 1162 3715 ideis
1181 3664 1484 3715 sensualibus
1511 3664 1736 3727 proxime
1754 3665 1833 3713 vel
1857 3667 2065 3717 remote.
2084 3666 2210 3717 Idem
2234 3670 2395 3719 autem

405 3735 645 3800 genericae
660 3771 674 3798 ,
701 3734 775 3783 uti
814 3734 1127 3784 animalitatis
1142 3772 1158 3798 ,
1182 3735 1405 3785 candoris
1422 3771 1437 3799 ‚
1477 3740 1592 3799 etc„
1617 3746 1719 3785 non
1737 3737 1852 3783 sunt
1891 3748 1923 3783 a
1941 3736 2141 3800 priori,
2161 3735 2233 3787 uti
2250 3738 2395 3801 aliqui

403 3807 670 3854 volucrunt
685 3840 703 3870 ,
724 3806 808 3856 sed
837 3806 899 3854 ab
933 3804 1185 3857 intellectu
1206 3808 1558 3858 abstrahuntur
1577 3819 1637 3855 ex
1658 3805 1779 3854 ideis
1798 3807 2119 3863 sensualibus,
2137 3807 2263 3859 Vide
2284 3808 2401 3873 1⁶⁰3·

399 3876 552 3932 Pura.
573 3876 699 3930 Soet.
720 3875 1007 3944 1.Caput.1.
1019 3877 1139 3948 Pag.
1154 3883 1209 3930 56
1225 3883 1273 3932 et
1285 3891 1418 3944 seqq.
1430 3877 1528 3927 Ens
1545 3879 1728 3934 autom.
1742 3877 1871 3934 uuod
1886 3876 1956 3928 ibi
1968 3878 2167 3949 ponitur
2181 3883 2237 3933 ut
2248 3888 2400 3939 genus
