2988 4832
328 626 564 701 mundo
588 629 682 697 est
709 624 1157 720 perfectissima
1195 618 1269 696 i'n
1312 650 1377 698 se
1412 644 1524 698 seu
1557 625 1870 718 subjective
1911 632 2198 723 spectata,
2241 650 2319 709 e.

325 735 484 803 Min.
510 730 676 803 Cum
699 734 778 804 sit
806 734 941 829 ipsa
963 733 1381 827 intelligentia
1401 734 1636 814 divina,
1664 736 1945 828 adeoque
1968 736 2142 809 Deus
2159 740 2316 831 ipse.

321 835 424 907 Est
447 841 895 928 perfectissima
921 843 1115 913 etiam
1135 843 1413 932 objectiva
1442 848 1738 936 spectata,
1790 844 1967 935 quasi
2009 846 2311 927 mundus,

318 946 425 1036 qui
452 947 524 1016 in
546 947 624 1018 e&
643 957 1149 1047 repraesentatur,
1175 951 1436 1021 seorsim
1454 957 1517 1020 et
1540 957 1728 1043 prout
1754 949 2040 1023 creabilis
2059 958 2150 1023 est
2171 976 2322 1024 con·

317 1053 635 1135 sideratus,
655 1054 735 1125 sit
754 1057 1036 1127 absolute
1053 1060 1563 1150 perfectissimuS‚
1582 1058 1670 1127 N.
1690 1058 1859 1131 Min.
1878 1057 2047 1129 Nam
2070 1061 2325 1153 singula

205 1224 210 1237 .
317 1155 481 1233 entia
497 1160 749 1245 mundi,
793 1166 864 1235 in
905 1186 972 1235 se
999 1174 1063 1234 et
1086 1172 1276 1259 prout
1314 1165 1609 1237 creabilia
1650 1172 1801 1234 sunt
1839 1174 2133 1260 spectaia,
2172 1176 2326 1237 sunt

317 1268 463 1360 plus
481 1272 819 1362 minusque
842 1274 1141 1364 perfecta,
1188 1273 1362 1364 quod
1383 1273 1540 1342 adeo
1566 1273 1958 1342 demonstrat
1976 1274 2327 1343 differentia

317 1378 714 1469 perfectionis
734 1378 900 1448 inter
921 1381 1207 1449 animam
1232 1379 1586 1449 belluinam
1606 1385 1670 1448 et
1690 1380 2080 1461 humanam3
2111 1387 2205 1448 ast
2227 1403 2326 1448 re-

314 1484 440 1552 late
458 1482 540 1552 ed
562 1490 773 1554 actum
800 1485 1062 1578 subjecti
1080 1487 1541 1580 cognoscentis,
1573 1485 1745 1576 quod
1768 1508 1993 1555 omnes
2005 1487 2325 1579 possibiles

315 1588 546 1679 gradus
574 1592 965 1683 intensionis,
1000 1595 1425 1662 connexiones
1447 1600 1512 1661 et
1535 1593 1871 1662 relationes
1901 1595 2207 1685 cujusque
2231 1595 2326 1663 rei

315 1714 467 1765 cum
489 1697 786 1768 omnibus
830 1699 967 1769 aliis
994 1699 1395 1792 possibilibus
1428 1701 1713 1770 intuetur
1728 1752 1746 1780 ,
1780 1700 2063 1792 adeoque
2108 1702 2319 1771 stricte

314 1802 633 1894 loquendo
659 1806 918 1876 nonnisi
944 1808 1204 1877 unicam
1225 1857 1243 1887 ‚
1290 1805 1401 1876 sed
1433 1806 1835 1897 adaequatam
1863 1807 2074 1876 ideam
2102 1807 2317 1887 habet,

313 1912 533 1981 omnia
573 1914 739 1983 entia
762 1920 896 1983 tam
917 1915 1111 2007 hujus
1132 1914 1386 1993 mundi,
1407 1935 1605 2007 quam
1627 1915 1844 1984 omnia
1870 1914 1993 1985 alia
2012 1916 2330 2008 possibilia

314 2021 569 2091 nonnisi
595 2023 864 2092 unicum
891 2029 1039 2093 sunt
1067 2024 1409 2115 objectum,
1429 2024 1478 2094 i.
1502 2046 1561 2094 e.
1595 2022 1768 2091 Deus
1791 2022 1944 2114 ipse,
1974 2028 2051 2091 ut
2073 2026 2325 2114 perfec-

314 2127 548 2196 tissime
570 2128 979 2220 intelligibilis
998 2135 1062 2198 et
1080 2152 1120 2198 a
1141 2153 1206 2199 se
1228 2131 1543 2221 cognitus,
1580 2128 1862 2218 adeoque
1886 2150 2009 2197 nec
2036 2127 2326 2197 differen-

314 2234 393 2301 tia
422 2234 487 2301 in
511 2236 606 2315 iis,
634 2257 710 2305 ac
743 2237 931 2327 proin
961 2258 1085 2305 nec
1105 2237 1281 2305 varia
1314 2237 1616 2327 perfectio
1644 2234 1883 2302 obtinet
1923 2235 2033 2325 (1).

398 2409 514 2477 45.
561 2406 807 2480 PROP.
856 2406 936 2479 ΙΙ.
973 2405 1230 2479 Mmmus
1266 2429 1372 2478 mc
1397 2430 1506 2481 sssr
1536 2428 2032 2477 runrscnssmus
2054 2428 2326 2476 renno-

315 2536 495 2586 'noun
539 2538 869 2586 mltum.

399 2699 597 2771 Proh.
648 2697 720 2768 Id
759 2699 986 2769 dicitur
1034 2700 1556 2792 perfectissimum
1602 2697 1983 2792 perfectione
2032 2696 2316 2776 relative,

316 2808 488 2898 quod
513 2809 597 2879 ad
619 2792 820 2877 finem
848 2807 967 2877 sibi
997 2810 1417 2907 praestitutum
1461 2828 1660 2897 quam
1700 2807 1937 2897 optime
1964 2806 2320 2895 conspirat3

315 2936 466 3005 ergo
497 2915 780 2984 mundus
798 2914 926 2992 hic,
965 2936 1117 2981 cum
1139 2916 1275 3003 ejus
1302 2912 1448 2981 finis
1477 2913 1557 2979 sit
1600 2911 1801 3002 gloria
1828 2910 1949 2978 Dei
1979 2910 2327 2979 extrinseca

312 3022 380 3088 in
403 3022 826 3092 determinato
854 3020 1079 3113 gradu,
1131 3021 1251 3089 erit
1276 3017 1768 3110 perfectissimus
1790 3016 2177 3108 perfectione
2216 3038 2325 3084 re-

314 3127 526 3207 lativiif
566 3133 619 3198 si
661 3129 905 3199 divinas
940 3127 1355 3219 perfectiones
1400 3148 1478 3193 eo
1531 3123 1735 3215 gradu
1770 3123 2161 3199 manifestat,
2196 3142 2326 3210 quo

318 3230 492 3304 Deus
528 3238 711 3305 vult:
747 3236 923 3325 atqui
949 3234 1232 3303 mundus
1252 3232 1603 3303 necessario
1630 3229 2045 3323 perfectiones
2076 3226 2324 3296 divinas

316 3362 390 3412 eo
432 3342 639 3433 gradu
668 3343 1065 3421 manifestat3
1099 3361 1367 3430 ergo...-

376 3565 453 3634 (1)
487 3568 613 3620 Vide
640 3568 792 3619 etiam
832 3568 991 3623 Ontol.
1031 3568 1169 3619 Part.
1187 3566 1253 3616 11.
1276 3567 1406 3618 Sect.
1430 3569 1477 3619 1.
1502 3565 1691 3628 object.
1707 3566 1831 3616 Inst.
1851 3567 1903 3617 2.
1923 3567 1973 3614 et
1988 3568 2035 3614 3.
2055 3562 2179 3627 Peg.
2199 3562 2321 3624 226,

317 3638 410 3688 227
424 3640 479 3689 et
493 3652 593 3702 seq.
619 3639 862 3690 Caeterum
876 3641 972 3690 hoc
993 3641 1343 3703 argumentum
1363 3638 1463 3688 scre
1485 3637 1645 3687 simile
1661 3635 2027 3699 esthu‘oe3quod
2056 3633 2220 3700 alicui,
2240 3637 2328 3698 qui

316 3712 630 3773 prospectum
661 3710 1051 3774 pulcherrimum
1102 3712 1156 3760 et
1193 3710 1247 3761 in
1281 3707 1388 3771 ejus
1429 3708 1620 3758 ambitu
1657 3707 1988 3759 miserrimam
2027 3719 2188 3757 casnm
2227 3719 2328 3769 pm

315 3778 475 3829 oculis
494 3780 726 3847 haberet,
748 3781 857 3832 fieri
891 3783 1070 3847 posset.
1096 3778 1197 3831 Iste
1215 3793 1323 3830 case
1344 3782 1415 3829 est
1438 3781 1582 3841 plene
1602 3778 1864 3830 conformis
1880 3778 2000 3829 ideae
2024 3781 2119 3828 tute
2143 3788 2161 3831 ε
2192 3775 2330 3839 atqui

315 3843 436 3899 idea'
473 3851 564 3904 tua
602 3853 941 3917 complectitur
988 3851 1373 3918 pulcherrimum
1425 3853 1775 3919 prospectum
1828 3863 1948 3916 ergo
1986 3848 2078 3900 iste
2110 3860 2221 3899 case
2257 3848 2330 3895 est

316 3918 680 3990 pulcherrimus
706 3926 1007 3994 prospectus.

472 4015 546 4068 u.
2016 3990 2063 4061 9
