2988 4832
1336 441 1454 512 131

466 569 549 642 R.
588 573 665 644 G.
697 571 850 641 Ant.
886 571 977 643 N.
1020 571 1197 639 Com.
1232 575 1298 640 et
1313 574 1517 662 parit.
1549 570 1719 643 Nam
1752 574 1919 646 vires
1942 571 2227 665 quidem,
2251 589 2396 640 cor·-

377 700 616 773 porum
650 680 944 752 matrices
969 731 988 761 ,
1025 679 1111 749 ita
1143 680 1504 772 conspirare
1535 687 1839 774 possunt,
1875 684 2027 774 quia
2057 679 2142 754 ad
2172 678 2395 752 termi-
2516 754 2521 761 ,

377 810 547 856 num
581 789 735 880 ipsis
759 793 1093 858 externum
1122 782 1417 868 tendunt.
1457 793 1646 882 atque
1665 813 1781 883 per
1811 790 1937 861 hoc
1965 789 2199 867 solum,
2226 785 2396 879 quod

379 894 698 963 terminus
733 897 1028 964 externus
1078 892 1156 962 sit
1178 945 1197 974 .
1251 893 1390 965 fieri
1438 901 1641 987 potest
1661 947 1680 976 .
1719 896 1792 965 ut
1832 892 2048 989 plures
2108 895 2271 965 vires
2316 892 2401 965 ad

377 998 665 1069 eundem
698 999 964 1068 tendant
991 1006 1054 1069 et
1078 1022 1195 1093 per
1222 1001 1395 1072 hanc
1420 1002 1505 1072 ad
1534 1000 1815 1074 eundem
1861 1002 2215 1074 terminum
2246 1007 2400 1070 ten-

379 1105 670 1174 dentiam
691 1107 1080 1201 conspirenu
1104 1106 1222 1177 Ast
1247 1109 1413 1178 vires
1434 1109 1752 1202 cogitandi
1768 1113 1917 1179 sunt
1942 1110 2389 1187 immanentes,

373 1219 443 1282 et
475 1266 491 1293 ‚
531 1217 746 1307 utpote
781 1215 949 1284 vires
985 1214 1106 1282 sibi
1136 1218 1661 1307 repraesentativae
1687 1268 1705 1294 ‚
1741 1215 2015 1285 tendunt
2044 1216 2128 1285 ad
2175 1215 2401 1284 termi-

368 1341 544 1390 num
578 1319 736 1400 enti‚
773 1318 843 1390 in
874 1344 1002 1413 quo
1026 1328 1175 1391 sunt
1194 1375 1210 1402 ,
1250 1325 1608 1403 internum5
1638 1318 1907 1414 quodvis
1934 1312 2111 1391 enim
2142 1344 2256 1390 ens
2281 1308 2403 1389 siba*

369 1432 795 1520 repraesentat
821 1479 840 1508 .
875 1432 998 1498 sibi
1026 1430 1297 1521 cogitat,
1333 1448 1469 1498 non
1496 1426 1703 1500 alteri.
1739 1426 1909 1497 Hinc
1936 1424 2041 1508 fit,
2069 1434 2141 1498 ut
2159 1431 2251 1497 tot
2276 1425 2402 1496 sint

373 1534 649 1604 termini
669 1587 687 1616 ,
728 1541 884 1627 quot
912 1536 1082 1605 entia
1109 1535 1348 1606 viribus
1369 1535 1690 1627 cogitandi
1714 1530 2040 1615 instructa,
2066 1541 2159 1604 ast
2184 1533 2403 1604 nullus

380 1642 695 1714 omnihus
725 1644 1130 1726 communis;
1160 1644 1338 1715 unde
1365 1663 1488 1712 nec
1517 1644 1880 1713 communis
1905 1641 2245 1724 tendentia,
2282 1666 2401 1712 ne-

392 1771 522 1841 que
554 1744 714 1821 adeo
740 1752 977 1821 virium
1005 1750 1380 1843 conspiratio
1405 1747 1626 1819 locum
1655 1748 1891 1820 habere
1921 1754 2142 1843 potest.
2185 1746 2401 1843 Itaque

375 1858 572 1950 plura
627 1856 801 1928 entia
846 1859 976 1930 sive
1029 1854 1342 1950 complete
1369 1866 1426 1947 ,ἦ
1448 1856 1580 1926 sive
1628 1853 2011 1949 incomplete
2067 1850 2403 1951 cogitantia

376 1986 731 2073 nunquam
772 1966 1052 2079 efficient
1079 1978 1291 2036 unum
1318 1980 1434 2036 ens
1461 1963 1745 2059 cogitans
1763 2014 1790 2057 ,ς
1838 1954 1951 2036 sed
1977 1958 2229 2035 tantum
2278 1979 2403 2057 ag·-

375 2078 720 2168 gregatum
737 2073 1035 2168 plurium
1064 2072 1511 2166 cogitantium:

475 2216 638 2285 Imt.
674 2215 742 2283 1⁰
782 2211 1051 2284 Necesse
1108 2233 1245 2281 non
1292 2216 1417 2290 est,
1462 2216 1539 2279 ut
1572 2215 1782 2302 partes
1829 2210 1955 2278 sint
2005 2206 2398 2301 cogitantem

368 2330 675 2411 'namque
707 2319 780 2404 in
808 2319 1142 2411 horologio
1171 2317 1353 2388 nulla
1377 2338 1528 2409 pars
1549 2317 1620 2387 in
1648 2339 1717 2387 se
1747 2318 2030 2388 continet
2055 2319 2405 2412 potentiam

392 2429 721 2501 indicandi
768 2430 960 2502 horas
973 2478 992 2510 ,
1055 2432 1363 2498 ettamen
1389 2425 1687 2498 indicatio
1712 2426 1829 2495 ista
1850 2425 2051 2498 oritur
2083 2448 2159 2496 ex
2204 2447 2404 2497 cons-

386 2537 700 2629 piratione
737 2539 1015 2630 partium
1042 2564 1060 2618 ;
1092 2557 1247 2628 ergo
1275 2535 1468 2606 etiam
1494 2535 1567 2604 in
1617 2534 1993 2627 composito,
2030 2533 2179 2604 licet
2221 2533 2405 2604 nulla

386 2663 538 2735 pars
566 2645 884 2736 cogitandi
907 2646 1258 2737 potentiam
1279 2644 1512 2716 habeat
1528 2694 1548 2726 ,
1582 2664 1664 2714 ex
1687 2664 1915 2714 earum
1943 2643 2405 2737 conspiratione

399 2751 693 2843 cogitatio
726 2753 878 2822 oriri
900 2757 1128 2845 potest.

481 2890 564 2964 R.
594 2893 689 2965 N.
736 2895 891 2962 Ant.
937 2892 1044 2963 Ad
1091 2892 1278 2984 prob.
1318 2894 1391 2964 C.
1434 2894 1587 2963 Ant.
1641 2891 1705 2963 'et
1736 2894 1828 2965 N.
1859 2893 2041 2962 cons.
2087 2897 2154 2960 et
2194 2897 2396 2983 parit.

386 2998 561 3068 Nam
590 3001 707 3069 etsi
737 3001 808 3069 in
835 3001 1166 3093 horologio
1196 3001 1377 3070 nulla
1404 3023 1553 3092 pars
1579 2998 1809 3070 haheat
1839 3000 2187 3090 potentiam
2225 2999 2406 3071 indi-

388 3107 580 3176 candi
626 3108 859 3189 horas3
891 3107 1034 3177 haeo
1078 3114 1298 3178 tamen
1342 3109 1621 3200 potentia
1673 3107 1957 3178 exoritur
1998 3129 2077 3177 ex
2113 3107 2409 3198 potentiis

387 3238 610 3285 secum
639 3218 923 3308 ejusdem
952 3217 1225 3310 speciei,
1273 3218 1319 3287 i.
1358 3239 1419 3287 e.
1461 3239 1541 3288 ex
1570 3222 1752 3286 motu
1795 3221 1861 3286 et
1906 3216 2407 3307 configuratione

388 3323 644 3414 aliqu&
675 3347 827 3417 ergo
856 3326 1047 3394 etiam
1071 3326 1381 3419 cogitatio,
1417 3326 1472 3395 si
1491 3326 1840 3396 coalescere
1862 3329 2068 3415 posset
2090 3345 2168 3391 ex
2193 3322 2406 3412 aliqua

389 3430 889 3513 combinatione,
929 3434 1091 3503 foret
1118 3455 1197 3504 ex
1222 3433 1688 3503 combinatione
1713 3431 2090 3523 qualitatum
2120 3425 2407 3520 ejusdem

387 3560 613 3609 secum
653 3541 929 3633 speciei,
949 3543 1011 3613 ἑ.
1047 3564 1110 3613 e.
1152 3542 1630 3636 cogitationum.
1670 3539 1842 3611 Nam
1886 3541 1985 3610 uti
2023 3534 2407 3631 impossihile

392 3652 527 3729 est,
562 3654 636 3717 ut
666 3671 976 3720 numerus
989 3651 1386 3721 millenarius
1410 3652 1829 3747 componatur
1843 3702 1867 3732 ,
1898 3670 2036 3719 non
2063 3633 2145 3718 eii
2169 3665 2405 3719 nume-

351 3781 360 3802 *
391 3755 484 3826 ris
507 3806 525 3834 ,
561 3756 673 3827 sed
701 3780 767 3828 v.
803 3781 872 3850 g.
914 3780 991 3827 ex
1013 3753 1183 3829 sonis
1205 3812 1223 3841 ‚
1260 3760 1574 3830 coloribus
1594 3812 1610 3839 ‚
1647 3764 1755 3828 aut
1788 3757 1912 3828 alia
1937 3759 2159 3849 quavis
2179 3775 2251 3829 re
2274 3765 2404 3829 toto

393 3885 629 3958 genere
660 3887 700 3943 a
722 3888 789 3942 se
819 3866 1098 3951 diversis,
1132 3868 1221 3945 ita
1248 3868 1633 3965 impossibile
1662 3872 1778 3967 est!
1807 3872 1881 3942 ut
1909 3859 2200 3962 cogitatio
2224 3883 2406 3940 exur-
