2988 4832
1222 505 1354 583 23⁷

941 733 1581 863 OBJECTIONES.

268 1009 279 1016 .
363 949 513 1019 106.
559 947 727 1019 om.
795 949 879 1037 1⁰,
892 949 1132 1021 Anima
1181 951 1500 1023 destructo
1548 971 1811 1043 corpore
1857 942 2116 1021 existere
2152 963 2266 1018 ne-

272 1057 405 1146 quit
426 1108 446 1136 ,
490 1057 638 1147 quia
673 1055 748 1147 1)
794 1055 1037 1127 tollitur
1067 1058 1214 1127 finis
1250 1058 1639 1128 informandi
1681 1079 1913 1149 corpus
1935 1109 1955 1136 ,
2013 1065 2264 1148 propter

273 1184 463 1254 quem
492 1170 779 1245 creatum
829 1164 908 1255 2)
952 1171 1110 1238 esset
1135 1168 1207 1233 in
1234 1171 1397 1234 statu
1421 1166 1702 1237 violento
1720 1216 1738 1245 ‚
1781 1186 2035 1256 semper
2081 1164 2269 1232 unio-

272 1291 423 1341 nem
446 1277 777 1363 appetens3
812 1293 965 1364 ergo
992 1293 1127 1341 non
1155 1272 1340 1340 datur
1371 1274 1569 1341 altera
1590 1273 1748 1342 vita.

355 1436 437 1507 R.
476 1440 564 1508 N.
599 1440 750 1507 Ant.
799 1439 900 1507 Ad
936 1439 1117 1530 prob.
1157 1441 1262 1508 1⁸¹·
1287 1442 1373 1508 D.
1413 1443 1551 1510 Ass.
1583 1439 1856 1509 Tollitur
1880 1438 2027 1510 finis
2055 1440 2272 1533 physi-

269 1567 381 1614 cus
416 1551 479 1613 et
502 1547 971 1636 inadaequatuS,
1020 1547 1093 1614 C.
1128 1545 1341 1614 Etiam
1370 1548 1631 1614 moralis
1657 1553 1721 1615 et
1746 1547 2110 1638 adaequatus
2130 1598 2147 1623 ,
2183 1548 2267 1613 N.

268 1650 436 1720 Nam
472 1653 686 1722 anima
707 1652 899 1722 habet
920 1653 1086 1722 vires
1125 1654 1357 1722 activas
1375 1653 1875 1744 independenter
1899 1675 1938 1720 a
1968 1675 2266 1745 corpore.

266 1758 442 1828 unde
467 1759 549 1827 ab
569 1782 644 1828 eo
668 1760 859 1829 etiam
878 1766 1160 1852 separata
1189 1758 1384 1827 vivere
1401 1772 1594 1850 potest
1613 1785 1637 1839 ,-
1668 1781 1814 1830 eam
1832 1766 2048 1830 autem
2071 1764 2272 1850 reipsa

266 1870 570 1953 victuram
600 1868 872 1958 probant
893 1867 1198 1938 desideria
1223 1867 1617 1937 invincibilia
1654 1868 1992 1947 felicitatis,
2042 1868 2273 1961 quibus

267 1974 539 2065 gaudet3
576 1975 750 2043 unde
785 1976 931 2044 finis
961 1976 1194 2069 animae
1229 1977 1554 2067 proximus
1576 1974 1942 2067 adaequatus
1987 1998 2123 2047 non
2162 1998 2274 2046 so-

266 2080 410 2149 lum
445 2085 539 2149 est
564 2080 859 2171 physicus
883 2103 995 2150 seu
1023 2082 1385 2151 informatio
1414 2083 1694 2173 corporis
1715 2134 1733 2161 ‚
1765 2082 1874 2151 sed
1913 2083 2104 2151 etiam
2130 2104 2274 2153 mo-

264 2187 417 2255 ralis
439 2209 551 2256 seu
574 2187 889 2259 beatitudo
913 2215 930 2269 3
974 2210 1128 2280 ergo
1156 2210 1290 2257 non
1312 2190 1525 2257 omnis
1568 2190 1714 2258 finis
1730 2238 1748 2269 ,
1792 2196 2051 2282 propter
2077 2212 2271 2282 quem

266 2301 479 2364 creata
513 2300 640 2374 cst,
681 2295 997 2366 destructo
1023 2317 1287 2386 corpore
1317 2302 1541 2365 cessat.

357 2444 465 2513 Ad
502 2445 610 2512 2²¹³
652 2447 740 2516 N.
775 2448 917 2518 Ass.‘
950 2444 1079 2517 Sed
1119 2452 1338 2515 contra
1362 2447 1624 2517 liberior
1648 2447 1769 2517 erit
1814 2448 1882 2516 in
1919 2448 2046 2516 suis
2090 2447 2274 2517 func-

263 2552 548 2622 tionibus
597 2554 1125 2625 intellectualibus
1150 2605 1168 2633 ,
1218 2560 1431 2646 utpote
1482 2556 1793 2625 immunis
1842 2578 1881 2624 a
1922 2552 2223 2626 molestiis
2249 2608 2270 2636 ,

262 2658 503 2751 quibus
526 2661 748 2751 juncta
779 2662 1027 2752 corpori
1048 2662 1396 2731 necessario
1423 2667 1518 2730 est
1538 2661 1808 2731 subdita.
1837 2660 2075 2744 Quodsi
2098 2683 2276 2731 nunc

262 2766 487 2839 anima
505 2768 862 2837 naturalem
883 2768 1199 2860 experitur
1216 2770 1666 2859 appetitionem
1683 2769 2103 2860 permanendi
2124 2791 2276 2839 cum

265 2896 535 2967 corpore
559 2876 1159 2965 dissolutionemque
1189 2875 1272 2942 ab
1304 2897 1380 2943 eo
1419 2875 1679 2966 refugit,
1730 2874 1798 2943 id
1821 2897 1958 2943 non
1978 2878 2273 2966 provenit

264 3008 350 3053 ex
387 2986 726 3054 intrinseca
748 2983 1028 3074 quadam
1049 2983 1522 3073 imperfectione
1560 2982 1793 3051 animae
1816 3028 1834 3059 ,
1870 2986 2049 3070 quasi
2069 3002 2277 3053 essen-

265 3089 501 3159 tialiter
519 3089 857 3180 indigentis
878 3088 1157 3179 corporis
1178 3088 1668 3179 complemento,
1698 3086 1808 3155 sed
1835 3087 2072 3176 exlege
2094 3088 2277 3157 unio-

265 3198 376 3270 nis
400 3218 437 3265 a
467 3196 603 3268 Deo
646 3200 735 3268 ita
767 3197 1099 3268 constituta
1115 3247 1136 3278 ‚
1176 3202 1251 3293 ut
1273 3196 1471 3265 homo
1511 3194 1788 3288 propriae
1813 3194 2276 3270 conservationi

264 3304 519 3386 studeat
1490 3325 1496 3330 ’
1761 3321 1764 3324 ’

308 3479 323 3486 “
364 3454 538 3528 om.
569 3458 638 3527 2⁰
676 3456 969 3528 Probatio
996 3479 1072 3525 ex
1104 3453 1425 3525 sanctitate
1457 3452 1577 3523 Dei
1608 3454 1952 3523 intantum
1974 3448 2170 3529 valet,
2205 3451 2274 3519 in

272 3572 593 3658 quantum
615 3566 942 3659 supponit,
975 3565 1307 3634 hominem
1321 3562 1567 3633 sublata
1587 3562 1781 3631 altera
1799 3562 1928 3631 vitii
1944 3559 2294 3665 efficaciter·

272 3695 317 3744 a
348 3675 580 3745 ‘virtute
607 3674 842 3744 retrahi
869 3672 1038 3743 etad
1083 3673 1304 3742 vitium
1326 3672 1571 3763 impelli
1598 3697 1615 3740 x
1645 3670 1820 3760 atqui
1845 3667 1912 3737 id
1929 3689 2074 3737 -non
2103 3669 2296 3762 obn--

272 3786 423 3864 net,
458 3784 649 3855 modo
679 3785 873 3853 altera
908 3782 1034 3851 vita
1057 3787 1345 3875 respectu
1365 3780 1564 3849 nostri
1598 3780 1677 3848 sit
1704 3778 1936 3847 dubia:
1966 3776 2277 3869 siquidem

265 3899 423 3963 tum
459 3913 610 3962 sana
634 3892 813 3962 'ratio
856 3888 1181 3973 suaderet,
1229 3895 1480 3985 partem
1519 3887 1818 3957 tutiorem
1849 3904 1981 3957 esse
2022 3884 2279 3978 eligen-
