2988 4832
1301 513 1423 585 371

444 624 515 699 2·
558 626 731 700 Deus
758 635 853 701 est
881 635 1126 702 creator
1159 630 1353 721 hujus
1384 630 1615 700 mundi
1641 623 1763 723 (ex
1794 629 2072 701 Cosmol.
2110 638 2178 702 et
2205 633 2370 725 Arg.
2423 728 2426 729 7

359 759 477 830 pro
502 739 681 807 exist.
736 737 891 829 Dei)
928 762 943 807 e
985 739 1163 829 atqui
1192 739 1276 808 ad
1309 739 1695 808 creationem
1724 741 2069 830 requiritur
2099 742 2379 832 potentia

357 845 644 926 infinita;
690 869 959 937 ergo....

416 994 606 1064 Pu&
625 995 857 1084 Mina)
870 990 1078 1064 Omne
1092 1017 1207 1064 ens
1218 997 1289 1064 in
1305 1001 1468 1065 statu
1478 978 1676 1064 merae
1691 996 2110 1089 possibilitatis
2127 1019 2203 1067 ac
2219 999 2381 1089 phy-

358 1103 481 1172 sice
507 1099 671 1172 nihil
692 1105 944 1173 nullam
981 1103 1173 1171 habet
1194 1103 1587 1171 tendentiam
1612 1152 1632 1183 ,
1675 1103 1928 1171 nullam
1955 1104 2380 1175 resistentiam

358 1203 440 1277 ad
461 1206 863 1280 existendum
891 1238 909 1292 3
937 1232 1090 1302 ergo
1117 1233 1324 1278 unum
1350 1208 1644 1301 possibile
1665 1232 1790 1279 nec
1815 1210 1962 1300 plus
1987 1232 2108 1280 nec
2133 1215 2371 1292 minus,

354 1333 552 1408 quam
572 1318 778 1396 aliud,
801 1340 932 1388 suae
951 1320 1253 1388 creationi
1267 1322 1529 1400 resistit;
1549 1320 1833 1408 adeoque
1853 1322 2076 1389 omnia
2101 1323 2382 1411 aequefa·

356 1424 473 1493 cile
493 1441 606 1494 seu
625 1425 848 1495 eadem
861 1427 1140 1516 potentia
1159 1432 1422 1515 possunt
1455 1427 1677 1503 creari,
1704 1432 1765 1492 et
1789 1427 1901 1514 qui
1919 1431 2121 1516 potest
2138 1448 2371 1506 unum,

356 1536 556 1625 potest
592 1532 808 1601 omnia
829 1532 1241 1623 (distributive
1280 1532 1555 1622 sumpta)
1601 1554 1818 1600 creare
1851 1534 2074 1624 :atqui
2100 1536 2379 1626 potentia

354 1640 574 1715 omnia
588 1640 846 1709 creandi
871 1645 966 1708 est
997 1640 1276 1731 potentia
1290 1639 1540 1708 infinita
1557 1639 1667 1731 (1);
1690 1663 1867 1730 erge.
1879 1692 1926 1711 ..
1953 1641 2009 1733 b)
2036 1641 2265 1713 Creare
2285 1649 2379 1713 est

352 1766 488 1817 esse
514 1747 674 1831 ratio
716 1749 1038 1817 sufficiens
1063 1749 1294 1816 ultima
1340 1753 1405 1816 et
1438 1747 1759 1837 completa
1787 1750 2128 1820 existentiae
2154 1773 2379 1820 rerum

351 1853 749 1948 possibilium
780 1882 796 1923 ε
834 1855 1010 1944 atqui
1034 1879 1140 1924 em
1172 1857 1422 1943 finitum
1448 1904 1468 1934 ,
1504 1860 1723 1944 utpote
1772 1856 2122 1925 necessario
2160 1876 2278 1927 ens
2299 1860 2379 1926 ab

355 1963 489 2031 alio
510 2010 531 2041 ,
562 1983 686 2029 non
702 1974 897 2051 potest
932 1986 1048 2030 esse
1076 1964 1242 2030 ratio
1283 1965 1595 2052 sufficiens
1632 1966 1858 2031 ultima
1887 1967 2166 2055 pmpm'oe
2195 1967 2381 2036 exis-

353 2072 596 2150 tentioe,
642 2070 937 2158 alioquin
975 2071 1042 2138 vi
1077 2069 1506 2161 possibilitatis
1533 2090 1665 2139 suae
1688 2070 2021 2150 existeret,
2071 2091 2150 2140 ac
2188 2068 2380 2165 proin

353 2183 519 2247 esset
546 2197 665 2246 ens
711 2177 1145 2245 necessarium
1193 2182 1259 2245 et
1307 2178 1633 2248 infinitum
1658 2228 1679 2256 ,
1728 2199 1881 2268 ergo
1928 2200 2140 2269 neque
2173 2178 2379 2271 potest

354 2307 489 2356 esse
547 2286 715 2352 ratio
745 2286 1068 2373 ‘sufficiens
1126 2286 1353 2351 ultima
1405 2285 1743 2351 emistemioe
1782 2287 2055 2352 aliorum
2098 2287 2335 2353 entium
2349 2311 2377 2366 ‚-

353 2393 506 2484 quia
534 2412 730 2461 nemo
761 2390 912 2469 dat,
947 2389 1121 2480 quod
1150 2412 1286 2459 non
1312 2390 1507 2460 hahet
1555 2416 1578 2459 ε
1624 2391 1737 2461 sed
1783 2391 1957 2483 quod
2001 2412 2139 2462 non
2174 2398 2377 2486 potest
2419 2477 2424 2480 ι

306 2570 315 2579 ,
351 2522 492 2568 esse
519 2499 678 2568 ratio
711 2498 1030 2567 sufficiens
1074 2497 1301 2565 ultima
1331 2501 1671 2568 existentiae
1706 2500 1973 2589 alicujus
2023 2502 2187 2569 entis
2240 2524 2375 2569 non

354 2610 558 2699 potest
584 2628 798 2701 creare
827 2634 846 2687 ;
873 2628 1028 2697 ergo
1054 2628 1168 2673 ens
1195 2607 1454 2675 finitum
1476 2629 1613 2675 non
1634 2613 1836 2698 potest
1859 2630 2074 2676 creare
2094 2660 2117 2688 ,
2151 2629 2267 2678 seu
2295 2608 2377 2698 ad

353 2714 705 2783 creandum
753 2716 1098 2805 requiritur
1142 2737 1261 2783 ens
1306 2716 1639 2783 infinitum
1675 2716 1960 2806 adeoque
1997 2720 2064 2784 et
2090 2716 2379 2809 potentia

354 2820 626 2892 infinita.

441 2980 674 3052 Conon.
706 2980 807 3051 Ex
830 2980 1013 3052 dictis
1037 2985 1253 3073 patet,
1285 2983 1604 3049 creatmas
1651 2995 1766 3047 seu
1802 2981 1976 3047 entia
2011 2979 2195 3050 finita
2245 3002 2376 3050 ne-

353 3088 612 3178 quidem
641 3080 820 3181 posse
851 3109 1235 3159 concurrere
1260 3093 1573 3177 tanquam
1593 3108 1816 3156 causas
1847 3088 2376 3158 instrumentales
2427 3073 2432 3088 ²

353 3195 436 3264 ad
463 3196 814 3265 creandum
833 3247 853 3276 ,
891 3197 986 3266 uti
1008 3195 1207 3285 aliqui
1233 3200 1522 3263 auctores
1550 3216 1706 3263 cum
1731 3193 2069 3265 Avicenna
2094 3197 2375 3267 arbitrati

356 3309 527 3372 sunt.
565 3302 775 3376 Potest
799 3305 1059 3396 quidem
1081 3302 1253 3371 Deus
1280 3303 1373 3369 uti
1400 3303 1597 3393 opera
1622 3309 1929 3372 creaturae
1948 3304 2022 3373 in
2046 3304 2368 3397 epm-ibae,
2427 3397 2432 3401 ·

355 3433 499 3501 quae
516 3412 1017 3503 praeexistentem
1043 3411 1376 3480 materiam
1415 3434 1496 3477 ex
1542 3419 1664 3500 qua
1697 3418 2073 3503 supponunt
2097 3440 2128 3493 ,3
2178 3419 2272 3481 ast
2300 3414 2373 3484 in
2423 3401 2426 3404 ’

355 3520 672 3590 creatione
721 3538 855 3588 non
899 3523 994 3587 est
1044 3519 1165 3587 nisi
1206 3518 1565 3588 intellectus
1605 3518 1727 3589 Dei
1783 3522 2003 3589 omnia
2023 3520 2344 3613 possibilia

419 3764 490 3833 (1)
521 3767 734 3820 sienim
755 3771 882 3821 esset
913 3768 1072 3832 finita,
1098 3767 1302 3833 cogitari
1324 3770 1488 3831 posset
1508 3779 1597 3821 ens
1613 3769 1815 3835 aliquod
1836 3769 2067 3833 possibile
2087 3771 2253 3838 majns
2274 3771 2371 3827 {sta

352 3848 593 3912 potentia,
613 3863 663 3901 v.
683 3865 736 3914 g.
758 3851 974 3915 Augei·
991 3850 1193 3912 maj0ris
1211 3850 1456 3914 potentiae,
1489 3865 1643 3914 qnam
1662 3852 1771 3917 ipsa
1789 3851 2007 3917 potentia
2018 3853 2190 3907 divina
2206 3871 2223 3911 z
2237 3869 2367 3921 ›quo-

315 3939 318 3946 ’
357 3931 431 3982 vis
451 3932 586 3984 enim
607 3930 745 3983 finito
765 3932 928 3983 minus
957 3932 1156 4003 finitum
1182 3931 1382 3995 cogitari
1413 3936 1585 3996 potest.
