<?xml version="1.0" encoding="UTF-8"?>
<!DOCTYPE html PUBLIC "-//W3C//DTD XHTML 1.0 Transitional//EN"
    "http://www.w3.org/TR/xhtml1/DTD/xhtml1-transitional.dtd">
<html xmlns="http://www.w3.org/1999/xhtml" xml:lang="en" lang="en">
 <head>
  <title>
</title>
<meta http-equiv="Content-Type" content="text/html;charset=utf-8" />
  <meta name='ocr-system' content='tesseract 3.04.00' />
  <meta name='ocr-capabilities' content='ocr_page ocr_carea ocr_par ocr_line ocrx_word'/>
</head>
<body>
  <div class='ocr_page' id='page_1' title='image "./institutionesph00rothgoog_0268.png"; bbox 0 0 2988 4832; ppageno 0'>
   <div class='ocr_carea' id='block_1_1' title="bbox 684 534 2708 868">
    <p class='ocr_par' dir='ltr' id='par_1_1' title="bbox 684 534 2708 868">
     <span class='ocr_line' id='line_1_1' title="bbox 686 534 2708 760; baseline -0.003 -22"><span class='ocrx_word' id='word_1_1' title='bbox 686 660 1040 750; x_wconf 72' lang='lat' dir='ltr'><strong>-inlinltum‘</strong></span> <span class='ocrx_word' id='word_1_2' title='bbox 1068 605 1323 760; x_wconf 81' lang='lat' dir='ltr'><strong>proprie</strong></span> <span class='ocrx_word' id='word_1_3' title='bbox 1345 654 1629 755; x_wconf 82' lang='lat' dir='ltr'><strong>dictum.</strong></span> <span class='ocrx_word' id='word_1_4' title='bbox 1652 534 1786 733; x_wconf 55' lang='lat' dir='ltr'>ffi</span> <span class='ocrx_word' id='word_1_5' title='bbox 1802 590 1997 755; x_wconf 79' lang='lat' dir='ltr'><strong>hujus</strong></span> <span class='ocrx_word' id='word_1_6' title='bbox 2025 659 2166 754; x_wconf 82' lang='lat' dir='ltr'><strong>jam</strong></span> <span class='ocrx_word' id='word_1_7' title='bbox 2184 656 2467 753; x_wconf 76' lang='lat' dir='ltr'><strong>aliquam</strong></span> <span class='ocrx_word' id='word_1_8' title='bbox 2494 654 2708 732; x_wconf 74' lang='lat' dir='ltr'><strong>babent</strong></span> 
     </span>
     <span class='ocr_line' id='line_1_2' title="bbox 684 752 2708 868; baseline -0.003 -22"><span class='ocrx_word' id='word_1_9' title='bbox 684 776 966 858; x_wconf 72' lang='lat' dir='ltr'><strong>ideam,</strong></span> <span class='ocrx_word' id='word_1_10' title='bbox 996 792 1155 868; x_wconf 77' lang='lat' dir='ltr'><strong>ergo</strong></span> <span class='ocrx_word' id='word_1_11' title='bbox 1181 775 1356 848; x_wconf 78' lang='lat' dir='ltr'><strong>hanc</strong></span> <span class='ocrx_word' id='word_1_12' title='bbox 1380 752 1593 849; x_wconf 77' lang='lat' dir='ltr'><strong>ideam</strong></span> <span class='ocrx_word' id='word_1_13' title='bbox 1628 771 1853 864; x_wconf 87' lang='lat' dir='ltr'><strong>nequit</strong></span> <span class='ocrx_word' id='word_1_14' title='bbox 1889 769 2219 864; x_wconf 64' lang='lat' dir='ltr'><strong>acquirere</strong></span> <span class='ocrx_word' id='word_1_15' title='bbox 2244 785 2364 863; x_wconf 82' lang='lat' dir='ltr'><strong>per</strong></span> <span class='ocrx_word' id='word_1_16' title='bbox 2397 767 2708 862; x_wconf 74' lang='lat' dir='ltr'><strong>composi·-</strong></span> 
     </span>
    </p>
   </div>
   <div class='ocr_carea' id='block_1_2' title="bbox 545 876 2706 976">
    <p class='ocr_par' dir='ltr' id='par_1_2' title="bbox 545 876 2706 976">
     <span class='ocr_line' id='line_1_3' title="bbox 545 876 2706 976; baseline -0.003 -22"><span class='ocrx_word' id='word_1_17' title='bbox 545 961 567 973; x_wconf 82' lang='lat'><strong>-</strong></span> <span class='ocrx_word' id='word_1_18' title='bbox 684 885 976 969; x_wconf 77' lang='lat' dir='ltr'><strong>tionem.</strong></span> <span class='ocrx_word' id='word_1_19' title='bbox 1030 878 1154 955; x_wconf 84' lang='lat' dir='ltr'><strong>Sed</strong></span> <span class='ocrx_word' id='word_1_20' title='bbox 1199 902 1384 975; x_wconf 72' lang='lat' dir='ltr'><strong>nequo</strong></span> <span class='ocrx_word' id='word_1_21' title='bbox 1432 886 1638 976; x_wconf 87' lang='lat' dir='ltr'><strong>potest</strong></span> <span class='ocrx_word' id='word_1_22' title='bbox 1688 882 2020 972; x_wconf 79' lang='lat' dir='ltr'><strong>acquirere</strong></span> <span class='ocrx_word' id='word_1_23' title='bbox 2067 876 2497 950; x_wconf 71' lang='lat' dir='ltr'><strong>abstmctione.</strong></span> <span class='ocrx_word' id='word_1_24' title='bbox 2555 876 2706 948; x_wconf 80' lang='lat' dir='ltr'><strong>Nam</strong></span> 
     </span>
    </p>
   </div>
   <div class='ocr_carea' id='block_1_3' title="bbox 706 985 2711 1723">
    <p class='ocr_par' dir='ltr' id='par_1_3' title="bbox 706 985 2711 1723">
     <span class='ocr_line' id='line_1_4' title="bbox 710 985 2707 1080; baseline -0.004 -18"><span class='ocrx_word' id='word_1_25' title='bbox 710 989 1071 1061; x_wconf 77' lang='lat' dir='ltr'><strong>abstrahere</strong></span> <span class='ocrx_word' id='word_1_26' title='bbox 1121 989 1288 1061; x_wconf 88' lang='lat' dir='ltr'><strong>nihil</strong></span> <span class='ocrx_word' id='word_1_27' title='bbox 1333 990 1508 1060; x_wconf 87' lang='lat' dir='ltr'><strong>aliud</strong></span> <span class='ocrx_word' id='word_1_28' title='bbox 1553 993 1690 1068; x_wconf 82' lang='lat' dir='ltr'><strong>est,</strong></span> <span class='ocrx_word' id='word_1_29' title='bbox 1741 1004 1942 1080; x_wconf 85' lang='lat' dir='ltr'><strong>quam</strong></span> <span class='ocrx_word' id='word_1_30' title='bbox 1990 991 2175 1056; x_wconf 87' lang='lat' dir='ltr'><strong>notas</strong></span> <span class='ocrx_word' id='word_1_31' title='bbox 2226 985 2470 1077; x_wconf 81' lang='lat' dir='ltr'><strong>aliquas</strong></span> <span class='ocrx_word' id='word_1_32' title='bbox 2505 1003 2707 1055; x_wconf 82' lang='lat' dir='ltr'><strong>rerum</strong></span> 
     </span>
     <span class='ocr_line' id='line_1_5' title="bbox 711 1086 2708 1185; baseline -0.005 -17"><span class='ocrx_word' id='word_1_33' title='bbox 711 1096 1071 1168; x_wconf 76' lang='lat' dir='ltr'><strong>essentiales</strong></span> <span class='ocrx_word' id='word_1_34' title='bbox 1110 1096 1216 1166; x_wconf 88' lang='lat' dir='ltr'><strong>vel</strong></span> <span class='ocrx_word' id='word_1_35' title='bbox 1242 1094 1661 1167; x_wconf 83' lang='lat' dir='ltr'><strong>individuales</strong></span> <span class='ocrx_word' id='word_1_36' title='bbox 1686 1096 1950 1165; x_wconf 80' lang='lat' dir='ltr'><strong>seorsim</strong></span> <span class='ocrx_word' id='word_1_37' title='bbox 1954 1086 2431 1174; x_wconf 75' lang='lat' dir='ltr'><strong>considerare3</strong></span> <span class='ocrx_word' id='word_1_38' title='bbox 2465 1111 2616 1185; x_wconf 80' lang='lat' dir='ltr'><strong>ergo</strong></span> <span class='ocrx_word' id='word_1_39' title='bbox 2641 1109 2708 1160; x_wconf 76' lang='lat' dir='ltr'><strong>ex</strong></span> 
     </span>
     <span class='ocr_line' id='line_1_6' title="bbox 711 1198 2708 1294; baseline -0.002 -23"><span class='ocrx_word' id='word_1_40' title='bbox 711 1202 906 1272; x_wconf 89' lang='lat' dir='ltr'><strong>rebus</strong></span> <span class='ocrx_word' id='word_1_41' title='bbox 941 1202 1338 1273; x_wconf 82' lang='lat' dir='ltr'><strong>sensibilibus</strong></span> <span class='ocrx_word' id='word_1_42' title='bbox 1383 1198 1550 1272; x_wconf 89' lang='lat' dir='ltr'><strong>nihil</strong></span> <span class='ocrx_word' id='word_1_43' title='bbox 1592 1206 1820 1294; x_wconf 90' lang='lat' dir='ltr'><strong>poterit</strong></span> <span class='ocrx_word' id='word_1_44' title='bbox 1850 1199 2168 1282; x_wconf 82' lang='lat' dir='ltr'><strong>abstrahi.</strong></span> <span class='ocrx_word' id='word_1_45' title='bbox 2211 1198 2386 1291; x_wconf 79' lang='lat' dir='ltr'><strong>quod</strong></span> <span class='ocrx_word' id='word_1_46' title='bbox 2428 1220 2565 1269; x_wconf 92' lang='lat' dir='ltr'><strong>non</strong></span> <span class='ocrx_word' id='word_1_47' title='bbox 2601 1218 2708 1268; x_wconf 85' lang='lat' dir='ltr'><strong>ceu</strong></span> 
     </span>
     <span class='ocr_line' id='line_1_7' title="bbox 712 1308 2710 1383; baseline -0.002 -5"><span class='ocrx_word' id='word_1_48' title='bbox 712 1314 864 1379; x_wconf 88' lang='lat' dir='ltr'><strong>nota</strong></span> <span class='ocrx_word' id='word_1_49' title='bbox 899 1310 1239 1379; x_wconf 89' lang='lat' dir='ltr'><strong>essentialis</strong></span> <span class='ocrx_word' id='word_1_50' title='bbox 1269 1308 1376 1380; x_wconf 89' lang='lat' dir='ltr'><strong>vel</strong></span> <span class='ocrx_word' id='word_1_51' title='bbox 1412 1308 1814 1383; x_wconf 84' lang='lat' dir='ltr'><strong>individualis</strong></span> <span class='ocrx_word' id='word_1_52' title='bbox 1844 1330 2070 1379; x_wconf 89' lang='lat' dir='ltr'><strong>earum</strong></span> <span class='ocrx_word' id='word_1_53' title='bbox 2098 1308 2434 1378; x_wconf 78' lang='lat' dir='ltr'><strong>essentiam</strong></span> <span class='ocrx_word' id='word_1_54' title='bbox 2463 1311 2528 1375; x_wconf 86' lang='lat' dir='ltr'><strong>et</strong></span> <span class='ocrx_word' id='word_1_55' title='bbox 2560 1328 2710 1376; x_wconf 90' lang='lat' dir='ltr'><strong>con-</strong></span> 
     </span>
     <span class='ocr_line' id='line_1_8' title="bbox 712 1408 2710 1511; baseline -0.002 -26"><span class='ocrx_word' id='word_1_56' title='bbox 712 1420 969 1511; x_wconf 86' lang='lat' dir='ltr'><strong>ceptum</strong></span> <span class='ocrx_word' id='word_1_57' title='bbox 1005 1414 1388 1488; x_wconf 86' lang='lat' dir='ltr'><strong>constituat·</strong></span> <span class='ocrx_word' id='word_1_58' title='bbox 1427 1417 1604 1509; x_wconf 89' lang='lat' dir='ltr'><strong>atqui</strong></span> <span class='ocrx_word' id='word_1_59' title='bbox 1647 1413 1789 1485; x_wconf 88' lang='lat' dir='ltr'><strong>idea</strong></span> <span class='ocrx_word' id='word_1_60' title='bbox 1815 1408 1936 1485; x_wconf 88' lang='lat' dir='ltr'><strong>Dei</strong></span> <span class='ocrx_word' id='word_1_61' title='bbox 1963 1420 2038 1483; x_wconf 89' lang='lat' dir='ltr'><strong>ut</strong></span> <span class='ocrx_word' id='word_1_62' title='bbox 2065 1415 2226 1484; x_wconf 88' lang='lat' dir='ltr'><strong>entis</strong></span> <span class='ocrx_word' id='word_1_63' title='bbox 2261 1408 2497 1484; x_wconf 86' lang='lat' dir='ltr'><strong>infiniti</strong></span> <span class='ocrx_word' id='word_1_64' title='bbox 2539 1416 2600 1484; x_wconf 91' lang='lat' dir='ltr'><strong>et</strong></span> <span class='ocrx_word' id='word_1_65' title='bbox 2639 1413 2710 1486; x_wconf 84' lang='lat' dir='ltr'><strong>ab</strong></span> 
     </span>
     <span class='ocr_line' id='line_1_9' title="bbox 711 1510 2711 1593; baseline -0.001 -2"><span class='ocrx_word' id='word_1_66' title='bbox 711 1519 834 1593; x_wconf 86' lang='lat' dir='ltr'><strong>hac</strong></span> <span class='ocrx_word' id='word_1_67' title='bbox 858 1539 1082 1593; x_wconf 86' lang='lat' dir='ltr'><strong>rerum</strong></span> <span class='ocrx_word' id='word_1_68' title='bbox 1116 1519 1521 1592; x_wconf 81' lang='lat' dir='ltr'><strong>universitate</strong></span> <span class='ocrx_word' id='word_1_69' title='bbox 1569 1510 1845 1592; x_wconf 83' lang='lat' dir='ltr'><strong>distincti</strong></span> <span class='ocrx_word' id='word_1_70' title='bbox 1888 1538 2025 1591; x_wconf 88' lang='lat' dir='ltr'><strong>non</strong></span> <span class='ocrx_word' id='word_1_71' title='bbox 2054 1525 2147 1590; x_wconf 88' lang='lat' dir='ltr'><strong>est</strong></span> <span class='ocrx_word' id='word_1_72' title='bbox 2190 1522 2344 1589; x_wconf 86' lang='lat' dir='ltr'><strong>nota</strong></span> <span class='ocrx_word' id='word_1_73' title='bbox 2383 1518 2711 1591; x_wconf 87' lang='lat' dir='ltr'><strong>essentialis</strong></span> 
     </span>
     <span class='ocr_line' id='line_1_10' title="bbox 706 1624 2707 1723; baseline -0.003 -22"><span class='ocrx_word' id='word_1_74' title='bbox 706 1626 816 1701; x_wconf 85' lang='lat' dir='ltr'><strong>vel</strong></span> <span class='ocrx_word' id='word_1_75' title='bbox 833 1628 1233 1701; x_wconf 74' lang='lat' dir='ltr'><strong>individualis</strong></span> <span class='ocrx_word' id='word_1_76' title='bbox 1252 1629 1538 1715; x_wconf 71' lang='lat' dir='ltr'><strong>essentiae</strong></span> <span class='ocrx_word' id='word_1_77' title='bbox 1561 1629 1669 1700; x_wconf 83' lang='lat' dir='ltr'><strong>vel</strong></span> <span class='ocrx_word' id='word_1_78' title='bbox 1692 1624 2041 1723; x_wconf 73' lang='lat' dir='ltr'><strong>conceptus</strong></span> <span class='ocrx_word' id='word_1_79' title='bbox 2055 1644 2278 1698; x_wconf 85' lang='lat' dir='ltr'><strong>rerum</strong></span> <span class='ocrx_word' id='word_1_80' title='bbox 2302 1626 2707 1708; x_wconf 64' lang='lat' dir='ltr'><strong>sensibilium</strong></span> 
     </span>
    </p>
   </div>
   <div class='ocr_carea' id='block_1_4' title="bbox 713 1733 2812 1832">
    <p class='ocr_par' dir='ltr' id='par_1_4' title="bbox 713 1733 2812 1832">
     <span class='ocr_line' id='line_1_11' title="bbox 713 1733 2812 1832; baseline -0.003 -24"><span class='ocrx_word' id='word_1_81' title='bbox 713 1759 870 1832; x_wconf 86' lang='lat' dir='ltr'><strong>ergo</strong></span> <span class='ocrx_word' id='word_1_82' title='bbox 911 1755 990 1810; x_wconf 85' lang='lat' dir='ltr'><strong>ex</strong></span> <span class='ocrx_word' id='word_1_83' title='bbox 1029 1734 1140 1808; x_wconf 77' lang='lat' dir='ltr'><strong>his·</strong></span> <span class='ocrx_word' id='word_1_84' title='bbox 1173 1756 1384 1829; x_wconf 87' lang='lat' dir='ltr'><strong>neque</strong></span> <span class='ocrx_word' id='word_1_85' title='bbox 1426 1738 1570 1807; x_wconf 83' lang='lat' dir='ltr'><strong>haec</strong></span> <span class='ocrx_word' id='word_1_86' title='bbox 1606 1736 1747 1807; x_wconf 85' lang='lat' dir='ltr'><strong>idea</strong></span> <span class='ocrx_word' id='word_1_87' title='bbox 1797 1756 1913 1829; x_wconf 86' lang='lat' dir='ltr'><strong>per</strong></span> <span class='ocrx_word' id='word_1_88' title='bbox 1955 1735 2440 1806; x_wconf 81' lang='lat' dir='ltr'><strong>abstractionem</strong></span> <span class='ocrx_word' id='word_1_89' title='bbox 2484 1733 2712 1827; x_wconf 86' lang='lat' dir='ltr'><strong>acquiri</strong></span> <span class='ocrx_word' id='word_1_90' title='bbox 2807 1754 2812 1761; x_wconf 53' lang='lat'>²</span> 
     </span>
    </p>
   </div>
   <div class='ocr_carea' id='block_1_5' title="bbox 616 1837 2714 3442">
    <p class='ocr_par' dir='ltr' id='par_1_5' title="bbox 616 1837 2714 3442">
     <span class='ocr_line' id='line_1_12' title="bbox 698 1837 2711 1937; baseline -0.002 -23"><span class='ocrx_word' id='word_1_91' title='bbox 698 1848 936 1937; x_wconf 85' lang='lat' dir='ltr'><strong>potest.</strong></span> <span class='ocrx_word' id='word_1_92' title='bbox 952 1881 1046 1898; x_wconf 91' lang='lat'>-</span> <span class='ocrx_word' id='word_1_93' title='bbox 1059 1837 1342 1914; x_wconf 88' lang='lat' dir='ltr'><strong>Demum</strong></span> <span class='ocrx_word' id='word_1_94' title='bbox 1388 1861 1572 1935; x_wconf 74' lang='lat' dir='ltr'><strong>neque</strong></span> <span class='ocrx_word' id='word_1_95' title='bbox 1621 1848 1824 1936; x_wconf 88' lang='lat' dir='ltr'><strong>potest</strong></span> <span class='ocrx_word' id='word_1_96' title='bbox 1864 1844 2194 1936; x_wconf 79' lang='lat' dir='ltr'><strong>acquirere</strong></span> <span class='ocrx_word' id='word_1_97' title='bbox 2240 1840 2615 1913; x_wconf 78' lang='lat' dir='ltr'><strong>conclusione</strong></span> <span class='ocrx_word' id='word_1_98' title='bbox 2644 1838 2711 1910; x_wconf 76' lang='lat' dir='ltr'><strong>ab</strong></span> 
     </span>
     <span class='ocr_line' id='line_1_13' title="bbox 713 1945 2707 2043; baseline 0.001 -27"><span class='ocrx_word' id='word_1_99' title='bbox 713 1949 921 2040; x_wconf 77' lang='lat' dir='ltr'><strong>effectu</strong></span> <span class='ocrx_word' id='word_1_100' title='bbox 955 1948 1043 2020; x_wconf 79' lang='lat' dir='ltr'><strong>ad</strong></span> <span class='ocrx_word' id='word_1_101' title='bbox 1068 1970 1312 2019; x_wconf 75' lang='lat' dir='ltr'><strong>causam</strong></span> <span class='ocrx_word' id='word_1_102' title='bbox 1331 1952 1608 2041; x_wconf 76' lang='lat' dir='ltr'><strong>primam</strong></span> <span class='ocrx_word' id='word_1_103' title='bbox 1625 1999 1646 2031; x_wconf 90' lang='lat'>‚</span> <span class='ocrx_word' id='word_1_104' title='bbox 1680 1969 1824 2043; x_wconf 83' lang='lat' dir='ltr'><strong>quae</strong></span> <span class='ocrx_word' id='word_1_105' title='bbox 1869 1949 1949 2021; x_wconf 88' lang='lat' dir='ltr'><strong>sit</strong></span> <span class='ocrx_word' id='word_1_106' title='bbox 1980 1973 2019 2020; x_wconf 93' lang='lat' dir='ltr'><strong>a</strong></span> <span class='ocrx_word' id='word_1_107' title='bbox 2046 1969 2114 2020; x_wconf 86' lang='lat' dir='ltr'><strong>se</strong></span> <span class='ocrx_word' id='word_1_108' title='bbox 2134 2003 2153 2031; x_wconf 89' lang='lat'><strong>,</strong></span> <span class='ocrx_word' id='word_1_109' title='bbox 2193 1945 2445 2021; x_wconf 84' lang='lat' dir='ltr'><strong>infinita</strong></span> <span class='ocrx_word' id='word_1_110' title='bbox 2463 2001 2484 2032; x_wconf 84' lang='lat'>‚</span> <span class='ocrx_word' id='word_1_111' title='bbox 2526 1948 2707 2021; x_wconf 87' lang='lat' dir='ltr'><strong>Deus.</strong></span> 
     </span>
     <span class='ocr_line' id='line_1_14' title="bbox 711 2052 2712 2151; baseline 0 -26"><span class='ocrx_word' id='word_1_112' title='bbox 711 2052 881 2125; x_wconf 88' lang='lat' dir='ltr'><strong>Nam</strong></span> <span class='ocrx_word' id='word_1_113' title='bbox 907 2056 1198 2149; x_wconf 85' lang='lat' dir='ltr'><strong>inprimis</strong></span> <span class='ocrx_word' id='word_1_114' title='bbox 1230 2052 1364 2128; x_wconf 87' lang='lat' dir='ltr'><strong>Deo</strong></span> <span class='ocrx_word' id='word_1_115' title='bbox 1392 2073 1528 2128; x_wconf 88' lang='lat' dir='ltr'><strong>non</strong></span> <span class='ocrx_word' id='word_1_116' title='bbox 1559 2058 1876 2151; x_wconf 79' lang='lat' dir='ltr'><strong>existente</strong></span> <span class='ocrx_word' id='word_1_117' title='bbox 1895 2058 2090 2128; x_wconf 89' lang='lat' dir='ltr'><strong>etiam</strong></span> <span class='ocrx_word' id='word_1_118' title='bbox 2116 2075 2251 2128; x_wconf 87' lang='lat' dir='ltr'><strong>non</strong></span> <span class='ocrx_word' id='word_1_119' title='bbox 2279 2058 2569 2129; x_wconf 74' lang='lat' dir='ltr'><strong>existeret</strong></span> <span class='ocrx_word' id='word_1_120' title='bbox 2595 2054 2712 2126; x_wconf 90' lang='lat' dir='ltr'><strong>hu-</strong></span> 
     </span>
     <span class='ocr_line' id='line_1_15' title="bbox 708 2156 2708 2252; baseline 0.004 -22"><span class='ocrx_word' id='word_1_121' title='bbox 708 2156 985 2252; x_wconf 85' lang='lat' dir='ltr'><strong>jusmodi</strong></span> <span class='ocrx_word' id='word_1_122' title='bbox 1025 2184 1212 2235; x_wconf 85' lang='lat' dir='ltr'><strong>causa</strong></span> <span class='ocrx_word' id='word_1_123' title='bbox 1237 2214 1257 2244; x_wconf 85' lang='lat'>,</span> <span class='ocrx_word' id='word_1_124' title='bbox 1304 2163 1414 2234; x_wconf 86' lang='lat' dir='ltr'><strong>sed</strong></span> <span class='ocrx_word' id='word_1_125' title='bbox 1456 2181 1645 2235; x_wconf 84' lang='lat' dir='ltr'><strong>causa</strong></span> <span class='ocrx_word' id='word_1_126' title='bbox 1675 2184 1810 2235; x_wconf 90' lang='lat' dir='ltr'><strong>non</strong></span> <span class='ocrx_word' id='word_1_127' title='bbox 1843 2166 2113 2235; x_wconf 82' lang='lat' dir='ltr'><strong>existens</strong></span> <span class='ocrx_word' id='word_1_128' title='bbox 2142 2165 2323 2236; x_wconf 85' lang='lat' dir='ltr'><strong>nulla</strong></span> <span class='ocrx_word' id='word_1_129' title='bbox 2356 2172 2451 2235; x_wconf 90' lang='lat' dir='ltr'><strong>est</strong></span> <span class='ocrx_word' id='word_1_130' title='bbox 2487 2180 2708 2237; x_wconf 86' lang='lat' dir='ltr'><strong>causa:</strong></span> 
     </span>
     <span class='ocr_line' id='line_1_16' title="bbox 709 2268 2707 2365; baseline 0.001 -27"><span class='ocrx_word' id='word_1_131' title='bbox 709 2272 864 2361; x_wconf 80' lang='lat' dir='ltr'><strong>ergo</strong></span> <span class='ocrx_word' id='word_1_132' title='bbox 904 2287 1115 2362; x_wconf 85' lang='lat' dir='ltr'><strong>neque</strong></span> <span class='ocrx_word' id='word_1_133' title='bbox 1157 2271 1240 2340; x_wconf 88' lang='lat' dir='ltr'><strong>ab</strong></span> <span class='ocrx_word' id='word_1_134' title='bbox 1298 2270 1525 2341; x_wconf 81' lang='lat' dir='ltr'><strong>effectu</strong></span> <span class='ocrx_word' id='word_1_135' title='bbox 1572 2268 1655 2342; x_wconf 88' lang='lat' dir='ltr'><strong>ad</strong></span> <span class='ocrx_word' id='word_1_136' title='bbox 1714 2273 1896 2343; x_wconf 89' lang='lat' dir='ltr'><strong>illam</strong></span> <span class='ocrx_word' id='word_1_137' title='bbox 1938 2274 2260 2343; x_wconf 83' lang='lat' dir='ltr'><strong>conclusio</strong></span> <span class='ocrx_word' id='word_1_138' title='bbox 2314 2273 2456 2343; x_wconf 91' lang='lat' dir='ltr'><strong>fieri</strong></span> <span class='ocrx_word' id='word_1_139' title='bbox 2490 2276 2707 2365; x_wconf 84' lang='lat' dir='ltr'><strong>posset.</strong></span> 
     </span>
     <span class='ocr_line' id='line_1_17' title="bbox 712 2374 2713 2473; baseline 0.001 -26"><span class='ocrx_word' id='word_1_140' title='bbox 712 2376 876 2449; x_wconf 86' lang='lat' dir='ltr'><strong>Dein</strong></span> <span class='ocrx_word' id='word_1_141' title='bbox 911 2379 1133 2460; x_wconf 88' lang='lat' dir='ltr'><strong>multi,</strong></span> <span class='ocrx_word' id='word_1_142' title='bbox 1169 2377 1356 2449; x_wconf 88' lang='lat' dir='ltr'><strong>etiam</strong></span> <span class='ocrx_word' id='word_1_143' title='bbox 1388 2374 1749 2473; x_wconf 84' lang='lat' dir='ltr'><strong>philosophi</strong></span> <span class='ocrx_word' id='word_1_144' title='bbox 1766 2434 1783 2461; x_wconf 88' lang='lat'>‚</span> <span class='ocrx_word' id='word_1_145' title='bbox 1824 2380 1903 2460; x_wconf 82' lang='grc'><strong>1,</strong></span> <span class='ocrx_word' id='word_1_146' title='bbox 1951 2394 1988 2452; x_wconf 85' lang='lat' dir='ltr'><strong>e</strong></span> <span class='ocrx_word' id='word_1_147' title='bbox 2007 2434 2025 2460; x_wconf 87' lang='lat'><strong>.</strong></span> <span class='ocrx_word' id='word_1_148' title='bbox 2066 2398 2293 2451; x_wconf 89' lang='lat' dir='ltr'><strong>omnes</strong></span> <span class='ocrx_word' id='word_1_149' title='bbox 2320 2379 2416 2449; x_wconf 89' lang='lat' dir='ltr'><strong>illi</strong></span> <span class='ocrx_word' id='word_1_150' title='bbox 2459 2378 2593 2450; x_wconf 87' lang='lat' dir='ltr'><strong>sive</strong></span> <span class='ocrx_word' id='word_1_151' title='bbox 2619 2402 2713 2450; x_wconf 89' lang='lat' dir='ltr'><strong>ve-</strong></span> 
     </span>
     <span class='ocr_line' id='line_1_18' title="bbox 708 2483 2710 2580; baseline 0 -26"><span class='ocrx_word' id='word_1_152' title='bbox 708 2489 872 2555; x_wconf 85' lang='lat' dir='ltr'><strong>teres</strong></span> <span class='ocrx_word' id='word_1_153' title='bbox 920 2486 1051 2557; x_wconf 89' lang='lat' dir='ltr'><strong>sive</strong></span> <span class='ocrx_word' id='word_1_154' title='bbox 1080 2483 1375 2557; x_wconf 82' lang='lat' dir='ltr'><strong>moderni</strong></span> <span class='ocrx_word' id='word_1_155' title='bbox 1389 2539 1407 2566; x_wconf 86' lang='lat'>‚</span> <span class='ocrx_word' id='word_1_156' title='bbox 1456 2489 1571 2579; x_wconf 84' lang='lat' dir='ltr'><strong>qui</strong></span> <span class='ocrx_word' id='word_1_157' title='bbox 1600 2490 1987 2559; x_wconf 82' lang='lat' dir='ltr'><strong>creationem</strong></span> <span class='ocrx_word' id='word_1_158' title='bbox 2017 2488 2271 2580; x_wconf 85' lang='lat' dir='ltr'><strong>proprie</strong></span> <span class='ocrx_word' id='word_1_159' title='bbox 2303 2489 2543 2558; x_wconf 86' lang='lat' dir='ltr'><strong>dictam</strong></span> <span class='ocrx_word' id='word_1_160' title='bbox 2590 2503 2710 2557; x_wconf 88' lang='lat' dir='ltr'><strong>non</strong></span> 
     </span>
     <span class='ocr_line' id='line_1_19' title="bbox 709 2590 2707 2687; baseline 0.001 -26"><span class='ocrx_word' id='word_1_161' title='bbox 709 2590 1110 2683; x_wconf 84' lang='lat' dir='ltr'><strong>agnoverunt</strong></span> <span class='ocrx_word' id='word_1_162' title='bbox 1124 2646 1141 2673; x_wconf 87' lang='lat'>‚</span> <span class='ocrx_word' id='word_1_163' title='bbox 1192 2593 1401 2665; x_wconf 89' lang='lat' dir='ltr'><strong>ideam</strong></span> <span class='ocrx_word' id='word_1_164' title='bbox 1439 2591 1563 2664; x_wconf 90' lang='lat' dir='ltr'><strong>Dei</strong></span> <span class='ocrx_word' id='word_1_165' title='bbox 1588 2612 1723 2665; x_wconf 88' lang='lat' dir='ltr'><strong>non</strong></span> <span class='ocrx_word' id='word_1_166' title='bbox 1763 2601 2053 2687; x_wconf 87' lang='lat' dir='ltr'><strong>poterant</strong></span> <span class='ocrx_word' id='word_1_167' title='bbox 2082 2593 2477 2684; x_wconf 81' lang='lat' dir='ltr'><strong>acquisivisse</strong></span> <span class='ocrx_word' id='word_1_168' title='bbox 2510 2609 2707 2663; x_wconf 81' lang='lat' dir='ltr'><strong>ascen-</strong></span> 
     </span>
     <span class='ocr_line' id='line_1_20' title="bbox 708 2689 2712 2794; baseline 0 -25"><span class='ocrx_word' id='word_1_169' title='bbox 708 2697 919 2770; x_wconf 88' lang='lat' dir='ltr'><strong>dendo</strong></span> <span class='ocrx_word' id='word_1_170' title='bbox 959 2698 1041 2770; x_wconf 89' lang='lat' dir='ltr'><strong>ab</strong></span> <span class='ocrx_word' id='word_1_171' title='bbox 1095 2699 1318 2786; x_wconf 80' lang='lat' dir='ltr'><strong>effectu</strong></span> <span class='ocrx_word' id='word_1_172' title='bbox 1356 2699 1435 2771; x_wconf 86' lang='lat' dir='ltr'><strong>ad</strong></span> <span class='ocrx_word' id='word_1_173' title='bbox 1481 2719 1740 2772; x_wconf 88' lang='lat' dir='ltr'><strong>eausam</strong></span> <span class='ocrx_word' id='word_1_174' title='bbox 1783 2705 2061 2793; x_wconf 84' lang='lat' dir='ltr'><strong>primam</strong></span> <span class='ocrx_word' id='word_1_175' title='bbox 2084 2754 2101 2780; x_wconf 89' lang='lat'>,</span> <span class='ocrx_word' id='word_1_176' title='bbox 2149 2699 2276 2771; x_wconf 90' lang='lat' dir='ltr'><strong>hoc</strong></span> <span class='ocrx_word' id='word_1_177' title='bbox 2326 2702 2462 2792; x_wconf 91' lang='lat' dir='ltr'><strong>ipso</strong></span> <span class='ocrx_word' id='word_1_178' title='bbox 2484 2753 2506 2781; x_wconf 84' lang='lat'><em>.</em></span> <span class='ocrx_word' id='word_1_179' title='bbox 2553 2689 2712 2794; x_wconf 85' lang='lat' dir='ltr'><strong>quod</strong></span> 
     </span>
     <span class='ocr_line' id='line_1_21' title="bbox 709 2805 2711 2908; baseline 0.001 -31"><span class='ocrx_word' id='word_1_180' title='bbox 709 2807 922 2908; x_wconf 81' lang='lat' dir='ltr'><strong>Deum</strong></span> <span class='ocrx_word' id='word_1_181' title='bbox 941 2806 1071 2900; x_wconf 70' lang='lat' dir='ltr'><strong>qua</strong></span> <span class='ocrx_word' id='word_1_182' title='bbox 1097 2825 1356 2880; x_wconf 83' lang='lat' dir='ltr'><strong>causam</strong></span> <span class='ocrx_word' id='word_1_183' title='bbox 1383 2805 1756 2901; x_wconf 84' lang='lat' dir='ltr'><strong>hujusmodi</strong></span> <span class='ocrx_word' id='word_1_184' title='bbox 1782 2827 1917 2880; x_wconf 89' lang='lat' dir='ltr'><strong>non</strong></span> <span class='ocrx_word' id='word_1_185' title='bbox 1936 2811 2335 2902; x_wconf 82' lang='lat' dir='ltr'><strong>agnoverint.</strong></span> <span class='ocrx_word' id='word_1_186' title='bbox 2363 2805 2550 2879; x_wconf 84' lang='lat' dir='ltr'><strong>Unde</strong></span> <span class='ocrx_word' id='word_1_187' title='bbox 2570 2827 2711 2902; x_wconf 85' lang='lat' dir='ltr'><strong>ergo</strong></span> 
     </span>
     <span class='ocr_line' id='line_1_22' title="bbox 709 2914 2714 2989; baseline 0 -3"><span class='ocrx_word' id='word_1_188' title='bbox 709 2916 805 2986; x_wconf 88' lang='lat' dir='ltr'><strong>illi</strong></span> <span class='ocrx_word' id='word_1_189' title='bbox 835 2914 1046 2986; x_wconf 83' lang='lat' dir='ltr'><strong>ideam</strong></span> <span class='ocrx_word' id='word_1_190' title='bbox 1085 2914 1206 2987; x_wconf 88' lang='lat' dir='ltr'><strong>Dei</strong></span> <span class='ocrx_word' id='word_1_191' title='bbox 1241 2923 1315 2986; x_wconf 92' lang='lat' dir='ltr'><strong>ut</strong></span> <span class='ocrx_word' id='word_1_192' title='bbox 1362 2919 1526 2988; x_wconf 83' lang='lat' dir='ltr'><strong>entis</strong></span> <span class='ocrx_word' id='word_1_193' title='bbox 1553 2917 1788 2988; x_wconf 84' lang='lat' dir='ltr'><strong>infiniti</strong></span> <span class='ocrx_word' id='word_1_194' title='bbox 1813 2921 1878 2989; x_wconf 89' lang='lat' dir='ltr'><strong>et</strong></span> <span class='ocrx_word' id='word_1_195' title='bbox 1917 2917 2000 2988; x_wconf 87' lang='lat' dir='ltr'><strong>ab</strong></span> <span class='ocrx_word' id='word_1_196' title='bbox 2035 2920 2159 2988; x_wconf 89' lang='lat' dir='ltr'><strong>hac</strong></span> <span class='ocrx_word' id='word_1_197' title='bbox 2200 2937 2422 2988; x_wconf 87' lang='lat' dir='ltr'><strong>rerum</strong></span> <span class='ocrx_word' id='word_1_198' title='bbox 2450 2919 2714 2987; x_wconf 87' lang='lat' dir='ltr'><strong>univer-</strong></span> 
     </span>
     <span class='ocr_line' id='line_1_23' title="bbox 708 3021 2713 3116; baseline 0 -23"><span class='ocrx_word' id='word_1_199' title='bbox 708 3025 884 3093; x_wconf 81' lang='lat' dir='ltr'><strong>sitate</strong></span> <span class='ocrx_word' id='word_1_200' title='bbox 919 3021 1196 3093; x_wconf 85' lang='lat' dir='ltr'><strong>distincti</strong></span> <span class='ocrx_word' id='word_1_201' title='bbox 1242 3023 1477 3115; x_wconf 82' lang='lat' dir='ltr'><strong>(quam</strong></span> <span class='ocrx_word' id='word_1_202' title='bbox 1520 3023 1730 3095; x_wconf 88' lang='lat' dir='ltr'><strong>ideam</strong></span> <span class='ocrx_word' id='word_1_203' title='bbox 1747 3075 1766 3104; x_wconf 88' lang='lat'>‚</span> <span class='ocrx_word' id='word_1_204' title='bbox 1806 3026 1937 3095; x_wconf 88' lang='lat' dir='ltr'><strong>sive</strong></span> <span class='ocrx_word' id='word_1_205' title='bbox 1987 3023 2108 3096; x_wconf 90' lang='lat' dir='ltr'><strong>Dei</strong></span> <span class='ocrx_word' id='word_1_206' title='bbox 2147 3024 2518 3116; x_wconf 88' lang='lat' dir='ltr'><strong>hujusmodi</strong></span> <span class='ocrx_word' id='word_1_207' title='bbox 2561 3025 2713 3094; x_wconf 76' lang='lat' dir='ltr'><strong>exis-</strong></span> 
     </span>
     <span class='ocr_line' id='line_1_24' title="bbox 714 3130 2712 3225; baseline -0.002 -20"><span class='ocrx_word' id='word_1_208' title='bbox 714 3131 979 3205; x_wconf 73' lang='lat' dir='ltr'><strong>tentiam</strong></span> <span class='ocrx_word' id='word_1_209' title='bbox 1014 3130 1371 3211; x_wconf 83' lang='lat' dir='ltr'><strong>admittant.</strong></span> <span class='ocrx_word' id='word_1_210' title='bbox 1419 3132 1551 3200; x_wconf 79' lang='lat' dir='ltr'><strong>sive</strong></span> <span class='ocrx_word' id='word_1_211' title='bbox 1579 3139 1838 3225; x_wconf 77' lang='lat' dir='ltr'><strong>negent</strong></span> <span class='ocrx_word' id='word_1_212' title='bbox 1885 3154 1963 3202; x_wconf 84' lang='lat' dir='ltr'><strong>ex</strong></span> <span class='ocrx_word' id='word_1_213' title='bbox 2001 3154 2204 3223; x_wconf 88' lang='lat' dir='ltr'><strong>supra</strong></span> <span class='ocrx_word' id='word_1_214' title='bbox 2235 3132 2416 3201; x_wconf 87' lang='lat' dir='ltr'><strong>dictis</strong></span> <span class='ocrx_word' id='word_1_215' title='bbox 2468 3149 2712 3225; x_wconf 88' lang='lat' dir='ltr'><strong>semper</strong></span> 
     </span>
     <span class='ocr_line' id='line_1_25' title="bbox 616 3237 2713 3364; baseline 0 -57"><span class='ocrx_word' id='word_1_216' title='bbox 616 3287 623 3294; x_wconf 84' lang='lat'>-</span> <span class='ocrx_word' id='word_1_217' title='bbox 713 3238 986 3309; x_wconf 83' lang='lat' dir='ltr'><strong>habeant</strong></span> <span class='ocrx_word' id='word_1_218' title='bbox 1028 3258 1282 3308; x_wconf 84' lang='lat' dir='ltr'><strong>neeesse</strong></span> <span class='ocrx_word' id='word_1_219' title='bbox 1309 3238 1441 3329; x_wconf 88' lang='lat' dir='ltr'><strong>est)</strong></span> <span class='ocrx_word' id='word_1_220' title='bbox 1481 3241 1952 3364; x_wconf 81' lang='lat' dir='ltr'><strong>acquisivissent</strong></span> <span class='ocrx_word' id='word_1_221' title='bbox 1975 3243 2010 3308; x_wconf 74' lang='lat'><strong>⁶?</strong></span> <span class='ocrx_word' id='word_1_222' title='bbox 2051 3239 2268 3310; x_wconf 88' lang='lat' dir='ltr'><strong>Verbo</strong></span> <span class='ocrx_word' id='word_1_223' title='bbox 2299 3240 2592 3310; x_wconf 82' lang='lat' dir='ltr'><strong>humano</strong></span> <span class='ocrx_word' id='word_1_224' title='bbox 2619 3237 2713 3310; x_wconf 85' lang='lat' dir='ltr'><strong>vel</strong></span> 
     </span>
     <span class='ocr_line' id='line_1_26' title="bbox 711 3343 2713 3442; baseline 0.001 -28"><span class='ocrx_word' id='word_1_225' title='bbox 711 3345 1095 3415; x_wconf 89' lang='lat' dir='ltr'><strong>institutione</strong></span> <span class='ocrx_word' id='word_1_226' title='bbox 1139 3343 1352 3413; x_wconf 86' lang='lat' dir='ltr'><strong>sociali</strong></span> <span class='ocrx_word' id='word_1_227' title='bbox 1393 3346 1428 3413; x_wconf 71' lang='lat'><strong>‘1</strong></span> <span class='ocrx_word' id='word_1_228' title='bbox 1479 3344 1607 3416; x_wconf 91' lang='lat' dir='ltr'><strong>Sed</strong></span> <span class='ocrx_word' id='word_1_229' title='bbox 1650 3348 1941 3439; x_wconf 89' lang='lat' dir='ltr'><strong>inprimis</strong></span> <span class='ocrx_word' id='word_1_230' title='bbox 1983 3347 2215 3428; x_wconf 84' lang='lat' dir='ltr'><strong>verba,</strong></span> <span class='ocrx_word' id='word_1_231' title='bbox 2268 3354 2486 3442; x_wconf 89' lang='lat' dir='ltr'><strong>utpote</strong></span> <span class='ocrx_word' id='word_1_232' title='bbox 2538 3349 2713 3441; x_wconf 83' lang='lat' dir='ltr'><strong>signa</strong></span> 
     </span>
    </p>
   </div>
   <div class='ocr_carea' id='block_1_6' title="bbox 580 3443 2712 3546">
    <p class='ocr_par' dir='ltr' id='par_1_6' title="bbox 580 3443 2712 3546">
     <span class='ocr_line' id='line_1_27' title="bbox 580 3443 2712 3546; baseline 0 -20"><span class='ocrx_word' id='word_1_233' title='bbox 580 3523 584 3526; x_wconf 82' lang='lat'>.</span> <span class='ocrx_word' id='word_1_234' title='bbox 708 3450 1042 3533; x_wconf 81' lang='lat' dir='ltr'><strong>idearum,</strong></span> <span class='ocrx_word' id='word_1_235' title='bbox 1089 3458 1456 3544; x_wconf 89' lang='lat' dir='ltr'><strong>supponunt</strong></span> <span class='ocrx_word' id='word_1_236' title='bbox 1494 3455 1635 3544; x_wconf 80' lang='lat' dir='ltr'><strong>jam</strong></span> <span class='ocrx_word' id='word_1_237' title='bbox 1679 3443 1982 3546; x_wconf 81' lang='lat' dir='ltr'><strong>proeviam</strong></span> <span class='ocrx_word' id='word_1_238' title='bbox 2037 3454 2281 3535; x_wconf 84' lang='lat' dir='ltr'><strong>ideam,</strong></span> <span class='ocrx_word' id='word_1_239' title='bbox 2340 3456 2568 3527; x_wconf 86' lang='lat' dir='ltr'><strong>saltem</strong></span> <span class='ocrx_word' id='word_1_240' title='bbox 2612 3451 2712 3526; x_wconf 91' lang='lat' dir='ltr'><strong>di-</strong></span> 
     </span>
    </p>
   </div>
   <div class='ocr_carea' id='block_1_7' title="bbox 710 3560 2712 3985">
    <p class='ocr_par' dir='ltr' id='par_1_7' title="bbox 710 3560 2712 3985">
     <span class='ocr_line' id='line_1_28' title="bbox 710 3560 2711 3656; baseline 0.005 -29"><span class='ocrx_word' id='word_1_241' title='bbox 710 3565 991 3646; x_wconf 83' lang='lat' dir='ltr'><strong>rectam.</strong></span> <span class='ocrx_word' id='word_1_242' title='bbox 1031 3560 1136 3631; x_wconf 89' lang='lat' dir='ltr'><strong>vel</strong></span> <span class='ocrx_word' id='word_1_243' title='bbox 1161 3582 1202 3629; x_wconf 88' lang='lat' dir='ltr'><strong>a</strong></span> <span class='ocrx_word' id='word_1_244' title='bbox 1232 3567 1446 3632; x_wconf 88' lang='lat' dir='ltr'><strong>mente</strong></span> <span class='ocrx_word' id='word_1_245' title='bbox 1481 3562 1843 3633; x_wconf 86' lang='lat' dir='ltr'><strong>immediate</strong></span> <span class='ocrx_word' id='word_1_246' title='bbox 1887 3568 2284 3656; x_wconf 83' lang='lat' dir='ltr'><strong>perceptam,</strong></span> <span class='ocrx_word' id='word_1_247' title='bbox 2328 3588 2463 3636; x_wconf 90' lang='lat' dir='ltr'><strong>non</strong></span> <span class='ocrx_word' id='word_1_248' title='bbox 2496 3572 2711 3637; x_wconf 86' lang='lat' dir='ltr'><strong>autem</strong></span> 
     </span>
     <span class='ocr_line' id='line_1_29' title="bbox 710 3665 2712 3764; baseline 0.004 -30"><span class='ocrx_word' id='word_1_249' title='bbox 710 3668 842 3756; x_wconf 87' lang='lat' dir='ltr'><strong>ipsa</strong></span> <span class='ocrx_word' id='word_1_250' title='bbox 870 3665 1023 3738; x_wconf 88' lang='lat' dir='ltr'><strong>dant</strong></span> <span class='ocrx_word' id='word_1_251' title='bbox 1050 3667 1336 3740; x_wconf 52' lang='lat' dir='ltr'><strong>annelare</strong></span> <span class='ocrx_word' id='word_1_252' title='bbox 1369 3692 1484 3761; x_wconf 86' lang='lat' dir='ltr'><strong>per</strong></span> <span class='ocrx_word' id='word_1_253' title='bbox 1526 3691 1593 3739; x_wconf 88' lang='lat' dir='ltr'><strong>se</strong></span> <span class='ocrx_word' id='word_1_254' title='bbox 1642 3671 1775 3742; x_wconf 88' lang='lat' dir='ltr'><strong>sola</strong></span> <span class='ocrx_word' id='word_1_255' title='bbox 1824 3678 2088 3764; x_wconf 88' lang='lat' dir='ltr'><strong>possunt</strong></span> <span class='ocrx_word' id='word_1_256' title='bbox 2134 3667 2304 3745; x_wconf 85' lang='lat' dir='ltr'><strong>hanc</strong></span> <span class='ocrx_word' id='word_1_257' title='bbox 2351 3674 2588 3745; x_wconf 80' lang='lat' dir='ltr'><strong>ideam.</strong></span> <span class='ocrx_word' id='word_1_258' title='bbox 2635 3674 2712 3743; x_wconf 92' lang='lat' dir='ltr'><strong>Et</strong></span> 
     </span>
     <span class='ocr_line' id='line_1_30' title="bbox 712 3771 2711 3868; baseline 0.004 -25"><span class='ocrx_word' id='word_1_259' title='bbox 712 3774 861 3844; x_wconf 89' lang='lat' dir='ltr'><strong>dein</strong></span> <span class='ocrx_word' id='word_1_260' title='bbox 882 3823 898 3854; x_wconf 87' lang='lat'>.</span> <span class='ocrx_word' id='word_1_261' title='bbox 934 3771 1106 3846; x_wconf 90' lang='lat' dir='ltr'><strong>unde</strong></span> <span class='ocrx_word' id='word_1_262' title='bbox 1148 3775 1242 3847; x_wconf 92' lang='lat' dir='ltr'><strong>illi</strong></span> <span class='ocrx_word' id='word_1_263' title='bbox 1260 3828 1280 3858; x_wconf 85' lang='lat'><strong>.</strong></span> <span class='ocrx_word' id='word_1_264' title='bbox 1353 3776 1466 3868; x_wconf 83' lang='lat' dir='ltr'><strong>qui</strong></span> <span class='ocrx_word' id='word_1_265' title='bbox 1514 3774 1706 3848; x_wconf 88' lang='lat' dir='ltr'><strong>verbo</strong></span> <span class='ocrx_word' id='word_1_266' title='bbox 1750 3779 1854 3849; x_wconf 89' lang='lat' dir='ltr'><strong>vel</strong></span> <span class='ocrx_word' id='word_1_267' title='bbox 1894 3777 2279 3853; x_wconf 87' lang='lat' dir='ltr'><strong>institutione</strong></span> <span class='ocrx_word' id='word_1_268' title='bbox 2322 3783 2538 3855; x_wconf 86' lang='lat' dir='ltr'><strong>sociali</strong></span> <span class='ocrx_word' id='word_1_269' title='bbox 2583 3783 2711 3851; x_wconf 85' lang='lat' dir='ltr'><strong>aliis</strong></span> 
     </span>
     <span class='ocr_line' id='line_1_31' title="bbox 711 3879 2709 3985; baseline 0.005 -33"><span class='ocrx_word' id='word_1_270' title='bbox 711 3879 881 3956; x_wconf 85' lang='lat' dir='ltr'><strong>hanc</strong></span> <span class='ocrx_word' id='word_1_271' title='bbox 922 3879 1040 3957; x_wconf 89' lang='lat' dir='ltr'><strong>Dei</strong></span> <span class='ocrx_word' id='word_1_272' title='bbox 1068 3882 1277 3958; x_wconf 83' lang='lat' dir='ltr'><strong>ideam</strong></span> <span class='ocrx_word' id='word_1_273' title='bbox 1307 3887 1855 3961; x_wconf 83' lang='lat' dir='ltr'><strong>communicarent</strong></span> <span class='ocrx_word' id='word_1_274' title='bbox 1878 3942 1897 3970; x_wconf 87' lang='lat'><strong>,</strong></span> <span class='ocrx_word' id='word_1_275' title='bbox 1938 3888 2107 3964; x_wconf 86' lang='lat' dir='ltr'><strong>hanc</strong></span> <span class='ocrx_word' id='word_1_276' title='bbox 2147 3893 2351 3980; x_wconf 86' lang='lat' dir='ltr'><strong>ipsam</strong></span> <span class='ocrx_word' id='word_1_277' title='bbox 2393 3893 2512 3985; x_wconf 88' lang='lat' dir='ltr'><strong>ipsi</strong></span> <span class='ocrx_word' id='word_1_278' title='bbox 2541 3889 2709 3963; x_wconf 90' lang='lat' dir='ltr'><strong>obti-</strong></span> 
     </span>
    </p>
   </div>
  </div>
 </body>
</html>
