2988 4832
1348 506 1474 577 189

418 620 423 627 ’
487 618 695 712 Atque
726 618 995 713 'quatuor
1043 618 1161 691 has
1208 622 1444 693 formas
1476 620 1742 715 quodvis
1765 619 2081 713 judicium
2117 614 2406 699 nostrum'

394 730 747 799 necessario
782 731 1131 823 participat.
1184 729 1276 798 lta
1321 731 1445 799 hoc
1475 730 1792 820 judicium
1842 756 1860 799 z
1891 729 2114 814 {omnia
2148 754 2408 819 corpora

392 849 540 903 sunt
558 839 782 926 gravia
807 890 824 916 ‚
854 837 1210 915 secundum
1230 839 1632 927 'quantitatem
1653 844 1746 906 est
1767 839 2113 905 universale
2134 860 2161 917 ,·
2182 828 2412 906 secun-2

393 941 556 1012 dum
597 947 951 1037 qualitatem
971 948 1336 1035 affirmans,-
1385 945 1741 1015 secundum
1770 949 2124 1014 relationem
2154 936 2412 1034 cateqoe'

291 1091 301 1101 =
376 1052 596 1117 -ricum
621 1102 638 1129 ‚
691 1059 753 1146 et
796 1054 1145 1124 secundum
1189 1057 1602 1123 modalitatem
1645 1058 2059 1124 asser-corium.
2098 1053 2268 1145 Ergo
2291 1054 2410 1121 in·-

391 1157 679 1227 {ellectus
692 1211 709 1238 ‚
743 1168 815 1228 ut
832 1161 1117 1252 judicare
1149 1162 1429 1251 adeoque
1454 1169 1528 1230 ut
1551 1163 1884 1254 concipere
1915 1162 2147 1253 possit,
2181 1152 2410 1230 neccs-'

390 1266 557 1334 sario
575 1288 618 1335 a
631 1268 826 1359 priori
845 1270 965 1340 sihi
983 1272 1198 1340 insitas
1212 1270 1448 1339 habere
1465 1269 1652 1338 debet
1672 1271 1815 1339 illas
1836 1271 2072 1340 formas
2093 1274 2405 1359 tanquam

389 1371 564 1464 leges
583 1426 600 1453 ‚
635 1376 770 1445 sine
801 1378 1031 1470 quibus
1059 1378 1440 1469 impossibile
1469 1385 1563 1446 est
1582 1372 1923 1468 judicium.
1967 1368 2124 1446 Dico
2161 1403 2178 1444 z
2210 1377 2407 1475 intelss

389 1484 593 1552 lectus
623 1483 809 1552 debet
835 1486 975 1554 illas
1002 1488 1240 1555 formas
1268 1486 1386 1554 sibi
1406 1487 1637 1554 inditas
1660 1486 1895 1554 habere
1925 1508 1966 1554 a
1988 1486 2220 1574 priori3
2250 1483 2400 1574 quia

390 1591 496 1659 hae
520 1593 745 1660 formae
767 1643 783 1671 ‚
841 1583 1003 1683 quas
1044 1599 1227 1662 vocat
1272 1594 1609 1681 cateqorias
1655 1594 1987 1659 intellectas
2012 1642 2029 1669 ,
2088 1597 2404 1681 quatenus

389 1704 934 1770 transcendentales
956 1722 1070 1793 seu
1088 1699 1497 1792 applicabiles
1510 1700 1595 1768 ad
1609 1701 1818 1769 omnis
1840 1699 2091 1790 generis
2113 1698 2359 1788 objecta
2377 1746 2397 1777 .
2460 1790 2469 1795 ἱ

383 1808 564 1897 juxta
590 1807 900 1879 Kantium
927 1831 1061 1878 non
1088 1814 1235 1876 sunt
1255 1808 1326 1875 in
1354 1810 1575 1895 objecto
1603 1808 1878 1874 sensibili
1899 1831 1925 1885 ‚-
1968 1826 2123 1896 ergo
2148 1827 2271 1873 nec
2289 1827 2410 1873 ex-

389 1917 698 2005 perientia
735 1937 847 1985 seu
890 1940 1006 2008 per
1053 1938 1272 1986 sensus
1318 1917 1561 2007 acquiri
1605 1912 1908 2008 poss'unt3
1950 1937 2104 2006 ergo
2141 1921 2294 1982 sunt
2332 1914 2404 1983 in

391 2026 648 2111 subjecto
669 2030 977 2114 tanquam
1002 2025 1263 2095 totidem
1289 2025 1465 2094 modi
1494 2026 1870 2104 necessarii,
1905 2023 2024 2093 sub
2053 2026 2285 2115 quibus
2306 2026 2406 2092 in-

390 2130 683 2199 tellectus
719 2135 1042 2201 materiam
1072 2155 1114 2201 a
1152 2155 1343 2202 sensu
1378 2132 1594 2200 datam
1634 2154 1752 2224 per
1802 2138 2186 2224 conceptum
2225 2133 2408 2224 quasi

400 2238 632 2308 formet
654 2289 673 2319 ‚
709 2241 1122 2333 superadditis
1147 2262 1228 2311 ex
1246 2262 1315 2309 se
1334 2241 1584 2328 formis.

479 2377 530 2469 c)
569 2378 784 2460 Quoad
803 2378 1102 2445 rationem
1121 2373 1565 2444 animadvertit
1586 2423 1604 2455 ,
1629 2394 1775 2444 eam
1795 2374 2032 2445 habere
2054 2376 2220 2442 ideas
2237 2377 2393 2442 entis

390 2481 674 2565 absoluti,
701 2487 911 2552 ultimi
921 2485 1229 2574 principii
1258 2490 1323 2551 et
1345 2485 1632 2552 absolutoe
1652 2485 1979 2552 localitatis
2005 2536 2022 2563 ,
2056 2505 2213 2573 quas
2230 2483 2385 2573 ipsa,
2477 2547 2480 2550 ,

389 2601 608 2688 utpote
638 2593 901 2663 facultas
920 2591 1360 2671 ratiocinandi,
1395 2592 1515 2661 sibi
1536 2615 1613 2661 ex
1633 2592 2040 2683 conceptibus
2072 2593 2402 2658 formasset
2529 2645 2530 2648 ,

387 2705 455 2773 vi
493 2700 952 2795 principiorum
994 2700 1369 2770 inhaerevztioe
1387 2751 1410 2781 ,
1456 2703 1841 2800 causalitatis
1879 2706 1943 2770 et
1982 2699 2398 2798 communica-

358 2812 607 2880 -tionis.
2343 2802 2362 2816 ‘

480 2934 695 3025 Itaque
713 2938 893 3027 juxta
920 2934 1229 3006 Kantium
1254 2938 1471 3006 anima
1504 2936 1674 3005 ideas
1712 2956 1833 3003 nec
1868 2934 2004 3024 ipsa
2025 2933 2244 3010 efficit,
2280 2955 2402 3001 nec

389 3041 635 3133 objecta
671 3065 896 3113 earum
924 3045 1105 3136 quasi
1132 3046 1299 3113 intra
1327 3050 1615 3113 mentem
1649 3038 2046 3111 obversantia
2080 3060 2191 3108 seu
2231 3038 2403 3108 ideas
2497 3077 2502 3078 ν

392 3149 700 3239 objective
750 3158 1034 3244 sumptas
1074 3154 1324 3221 innatas
1366 3150 1559 3220 habet
1578 3203 1596 3232 ,
1642 3149 1754 3220 sed
1794 3150 1930 3241 ipsa
1970 3167 2155 3216 mens
2193 3147 2279 3215 ita
2322 3169 2404 3218 ex
2455 3155 2461 3179 ¹

389 3259 622 3326 natura
675 3260 790 3327 sua
845 3259 1194 3329 necessario
1231 3255 1566 3328 constituta
1610 3263 1740 3338 est,
1797 3263 1869 3325 ut
1897 3309 1914 3335 ‚
1970 3253 2399 3345 quemadmo-
2519 3265 2522 3272 ’

391 3362 552 3435 dum
590 3368 806 3469 anima
847 3391 914 3435 v.
967 3391 1036 3459 g.
1085 3389 1202 3459 per
1230 3366 1494 3436 oculum
1541 3366 1802 3436 ichterio
1825 3362 2059 3433 morbo
2105 3358 2403 3430 affectum

264 3541 267 3546 .
391 3475 742 3546 necessario
797 3475 1014 3546 omnia
1075 3476 1241 3545 flava
1292 3474 1581 3555 videret,
1642 3475 1791 3565 quia
1844 3493 1945 3542 res
2014 3473 2225 3543 nullas
2279 3471 2404 3540 alio

394 3578 604 3651 medio
628 3630 649 3660 .
698 3604 894 3674 quam
930 3583 1296 3675 hujusmodi
1342 3582 1530 3652 oculo
1581 3582 1795 3652 videre
1835 3586 2079 3671 posset,
2131 3581 2223 3649 ita
2267 3580 2406 3669 ipsa

395 3687 498 3757 res
555 3709 780 3760 omnes
840 3690 961 3763 sub
1015 3690 1327 3782 praedictis
1380 3691 1602 3759 formis
1656 3689 2005 3758 necessario
2063 3677 2399 3779 concipiatss

396 3791 583 3872 Unde
633 3798 823 3872 etiam
866 3802 1046 3892 juxta
1095 3797 1408 3870 Kantium
1456 3799 1672 3867 anima
1714 3797 2034 3886 qualitates
2080 3807 2199 3887 qua
2251 3796 2408 3884 ipsis
2469 3873 2470 3876 Ἴ

398 3906 567 3980 rebus
617 3914 908 4009 proprias
959 3902 1278 4013 cognoscit
1331 3900 1543 3982 nullas
1574 3960 1590 3993 ,
1645 3906 2032 3982 existentiam
2078 3925 2229 3977 vero
2292 3922 2404 3984 seu
