2988 4832
543 540 736 631 -enim
769 558 984 652 plures
1023 553 1149 627 sint
1189 555 1573 638 substantiae,
1605 557 1823 650 plures
1850 548 2192 642 realitate&
2233 546 2347 630 seu
2390 560 2575 654 plura

559 671 729 739 entia
751 668 1075 746 distincta
1116 668 1256 757 jam
1285 666 1526 746 omnia,
1561 688 1707 756 quae
1732 670 1903 748 sunt,
1936 688 2051 739 seu
2074 672 2179 737 ἀτᾶν
2210 692 2346 740 non
2387 671 2575 740 unice
2614 719 2622 726 -

557 787 652 851 est
682 779 875 858 DeuS,
909 777 1023 846 sed
1056 783 1286 867 praeter
1319 775 1536 845 Deum
1564 777 1756 846 etiam
1786 777 1960 847 aliud
1987 803 2105 846 esse
2131 778 2426 848 habetur.
2459 779 2576 846 Ast

559 886 915 970 invincibili
957 885 1352 955 convictione
1396 884 1651 954 interna
1699 884 1969 955 ferimur
2008 888 2091 956 ad
2127 887 2567 978 judicandum.

558 998 724 1064 inter
750 993 923 1063 entia
959 1015 1001 1061 a
1035 992 1219 1061 nobis
1259 993 1534 1082 cognita,
1575 993 1623 1062 i.
1652 1016 1714 1063 e.
1745 994 1915 1063 inter
1942 985 2235 1086 spiritum
2264 999 2328 1064 et
2365 1000 2578 1064 mate-

557 1103 722 1172 riam
754 1102 940 1193 (inter
967 1099 1323 1190 subjectum
1357 1106 1420 1168 et
1451 1100 1794 1191 objectum,
1832 1103 2000 1171 inter
2027 1124 2147 1194 ego
2176 1109 2241 1171 et
2267 1102 2579 1196 non-ego)

559 1194 972 1280 essentialem
994 1228 1145 1274 esse.
1175 1206 1647 1281 distinctionem
1695 1215 1759 1278 et
1800 1209 2271 1291 diversitatem3
2318 1210 2577 1302 insuper

557 1316 880 1411 rnundum
924 1311 1104 1382 hunc
1144 1319 1208 1382 et
1251 1315 1489 1394 omnia,
1547 1337 1692 1405 quae
1736 1314 1806 1382 in
1854 1337 1931 1384 eo
1973 1319 2143 1395 sunt,
2195 1338 2327 1385 esse
2372 1319 2580 1396 finita,

557 1423 906 1502 mutabilia,
946 1422 1227 1513 adeoque
1258 1444 1393 1490 non
1425 1444 1608 1513 posse
1640 1444 1773 1492 esse
1812 1443 2014 1491 unam
2057 1425 2475 1494 necessariam
2514 1429 2576 1493 et

557 1533 713 1600 hinc
739 1532 1057 1600 infinitam
1085 1530 1525 1599 substantiam.
1565 1529 1653 1599 Ut
1681 1532 1876 1622 igitur
1904 1531 2056 1599 huic
2086 1529 2436 1601 difficultati
2466 1532 2577 1601 ob-

558 1624 826 1718 viarent,
860 1639 1181 1730 duplicem
1207 1639 1384 1707 viam
1414 1638 1721 1717 inierunt,
1768 1643 1833 1706 et
1871 1638 1976 1706 vel
2008 1642 2444 1735 transeuntem
2472 1641 2577 1709 vel

555 1748 1022 1833 immanentem
1077 1746 1550 1818 emanationem
1598 1748 2100 1837 assumpserunt.
2132 1745 2348 1817 ‘Unde
2399 1750 2579 1838 juxta

558 1856 800 1946 aliquos
829 1855 1216 1946 pantheistas
1841 1856 1844 1859 ’

645 1982 728 2052 11⁰
771 1982 978 2053 Unica
1007 1984 1149 2054 haec
1176 1981 1524 2052 substantia
1550 1984 1624 2050 in
1647 1993 1851 2050 actum
1872 1983 2161 2072 prodiens
2189 2005 2271 2052 nx
2300 2005 2369 2054 sn
2397 2008 2577 2052 mun-
2649 2036 2676 2065 μ,

556 2096 704 2161 dum
730 2094 890 2160 hunc
918 2092 1275 2182 produxit:
1298 2096 1373 2158 ut
1399 2091 1557 2160 adeo
1588 2091 1873 2159 mundus
1902 2090 2009 2159 hic
2044 2089 2327 2182 (materia
2354 2098 2416 2160 et
2445 2095 2576 2184 spi-

556 2200 732 2292 ritus)
763 2222 914 2269 cum
943 2199 1158 2267 divina
1182 2197 1535 2267 substantia
1561 2197 1849 2288 ejusdem
1878 2197 1956 2265 sit
1984 2199 2287 2278 essentiae,
2323 2201 2416 2266 uti
2435 2201 2575 2268 telae

558 2329 808 2376 araneae
830 2313 980 2376 sunt
1001 2305 1288 2397 ejusdem
1317 2329 1470 2375 cum
1491 2306 1750 2375 aranea.
1783 2302 1876 2372 Ita
1896 2302 2040 2373 Indi
2066 2305 2263 2394 aliqui
2283 2296 2346 2374 et
2368 2305 2576 2374 Persae

558 2416 793 2508 aliique
841 2413 1178 2483 orientales
1212 2411 1436 2506 populi
1464 2413 1632 2481 inter
1658 2412 1948 2503 antiquos
1971 2440 1990 2493 3
2017 2411 2202 2480 *inter
2237 2411 2576 2482 modernos

553 2547 709 2608 vero
730 2522 816 2592 D.
846 2520 1106 2600 Cousin,
1140 2520 1251 2610 qui
1288 2520 1592 2611 expressis
1625 2518 1836 2589 verbis
1861 2519 2096 2599 asserit,
2134 2517 2346 2589 Deum
2369 2542 2577 2588 mun-

557 2635 718 2705 dum
744 2631 924 2699 hunc
940 2650 1076 2698 non
1092 2649 1172 2696 ex
1194 2626 1417 2706 nihilo,
1442 2627 1554 2697 sed
1574 2648 1651 2696 ex
1671 2627 1871 2719 seipso
1902 2626 2232 2698 extraxisse
2254 2628 2366 2719 (2).
2400 2625 2575 2720 Ergo

557 2810 776 2874 unique5
815 2809 946 2858 mais
964 2844 981 2870 ‚
1010 2808 1213 2872 n’ayant
1257 2821 1359 2872 pas
1393 2808 1625 2872 compris
1666 2806 1843 2873 qu’elle
1866 2810 1990 2873 peut
2008 2808 2247 2860 substa-ter
2285 2823 2403 2860 sous
2443 2809 2578 2861 deux

557 2882 727 2933 modes
747 2880 1149 2931 essentiellement
1168 2879 1339 2929 divers
1362 2914 1379 2942 ,
1429 2879 1534 2930 l’un
1558 2880 1849 2944 necessaire,
1870 2881 2047 2931 Cautre
2064 2882 2365 2946 contingent,
2419 2882 2487 2932 ils
2523 2896 2584 2932 se

556 2954 800 3017 trompent
838 2966 897 3001 en
925 2951 1176 3001 concluant
1211 2951 1275 3000 de
1296 2965 1386 3001 son
1406 2951 1549 3001 ‚unite
1582 2950 1804 3001 radicale
1821 2987 1837 3016 ,
1888 2952 2018 3017 qu’il
2050 2951 2257 3001 n’eoetiste
2286 2954 2435 3017 qu'un
2457 2952 2586 3004 seul

557 3026 662 3075 e‘tre
676 3023 794 3073 re'el.
819 3022 1039 3084 Explicat
1058 3022 1193 3084 dein,
1215 3022 1316 3084 qua
1336 3021 1528 3072 ratione
1549 3021 1692 3083 plura
1707 3023 1843 3072 entia
1863 3023 1963 3072 sint
1983 3035 2072 3084 per
2091 3023 2405 3083 creationem,
2426 3036 2577 3075 sensu

555 3108 649 3152 suo
683 3094 997 3157 intellectam,
1022 3095 1059 3144 i.
1082 3105 1130 3143 e.
1169 3106 1260 3154 per
1291 3092 1656 3141 emanationem
1686 3092 1903 3154 aliquam
1946 3105 1961 3140 :
1996 3105 2116 3141 nam
2152 3092 2334 3143 ibidem
2369 3108 2475 3155 cap.
2525 3099 2574 3145 8.

558 3176 813 3214 resumens
850 3163 961 3226 pius
994 3163 1127 3213 dicta
1153 3162 1223 3212 ita
1259 3163 1515 3213 continuat
1545 3176 1635 3225 per
1655 3164 1860 3213 modum
1891 3162 2121 3211 orationis
2153 3174 2170 3213 ε
2207 3164 2249 3213 Ο
2279 3165 2444 3214 Da'eul
2472 3165 2599 3225 oui..

561 3236 666 3285 tout
708 3236 782 3284 est
813 3233 879 3283 de
929 3248 1050 3285 vous
1067 3267 1087 3296 ‚
1125 3235 1172 3283 et
1204 3233 1325 3283 n'est
1356 3248 1456 3299 pas
1497 3233 1562 3282 de
1595 3246 1716 3283 vous
1750 3234 2058 3297 uniquement
2087 3246 2273 3283 comme
2316 3235 2489 3301 l’effet,
2533 3234 2604 3298 le-

549 3306 764 3373 produit
780 3304 844 3355 de
858 3308 994 3356 votre
1013 3305 1264 3369 operation
1283 3302 1716 3368 toute-puissante3
1758 3304 1889 3353 mais·
1908 3316 2093 3353 comme
2113 3317 2179 3354 un
2207 3305 2495 3357 e'coulement
2516 3306 2604 3370 de,

558 3381 695 3429 notre
712 3377 815 3427 ecre
837 3374 1124 3426 indivisible
1141 3379 1189 3425 et
1209 3375 1490 3428 immuable.
1527 3375 1767 3441 Toujours
1798 3388 1895 3439 un,
1946 3373 2171 3440 toujours
2190 3375 2335 3440 infini
2352 3411 2369 3439 ,
2401 3392 2455 3427 ce
2486 3392 2580 3442 que

557 3462 681 3499 vous
698 3450 849 3511 cre'ez,
877 3461 998 3497 vous
1018 3446 1067 3497 le
1086 3447 1212 3497 tirez
1243 3447 1308 3498 de
1326 3446 1701 3498 ωας-Μυκη..
1734 3444 1847 3495 Elle
1882 3444 2006 3494 n’est
2036 3459 2137 3510 pas
2170 3459 2289 3496 vous
2317 3460 2338 3497 .·
2370 3448 2465 3497 elle
2484 3454 2605 3511 est„

440 3546 449 3551 .
558 3519 656 3570 elle
676 3532 788 3568 sera
801 3516 1238 3583 perpetuellement
1256 3517 1290 3568 ὰ
1309 3532 1402 3567 une
1419 3516 1639 3567 dIstance
1658 3515 1827 3579 infinie
1855 3513 1919 3565 de
1948 3528 2100 3579 vous-5
2121 3517 2168 3565 et
2187 3518 2470 3568 neanmoins
2489 3533 2580 3569 son

559 3592 666 3641 e‘tre
681 3588 757 3641 es't
786 3591 989 3659 quelque
1010 3590 1148 3641 chose
1183 3590 1247 3639 de
1274 3592 1411 3639 votre
1431 3589 1553 3651 etr-e,
1591 3602 1649 3636 sa
1681 3586 1932 3636 substance
1951 3585 2154 3652 quelque
2172 3586 2310 3637 chose
2348 3589 2412 3639 de
2442 3594 2579 3641 votre

560 3659 894 3786 Zbssgfficss'm
915 3661 1018 3713 Car·
1043 3660 1160 3713 ἀόἰι
1178 3658 1446 3711 serait-elle
1474 3662 1524 3709 et
1543 3660 1781 3708 comment
1800 3656 2087 3723 serait-elle,
2110 3657 2162 3708 ei
2178 3657 2272 3710 elle
2297 3660 2465 3711 n'e'tait
2478 3676 2578 3727 pas

625 3812 694 3879 (1)
713 3811 916 3865 Preface
945 3789 1034 3866 des
1049 3814 1304 3879 Esquisses
1321 3814 1382 3863 de
1406 3809 1711 3875 philosophie
1728 3812 1934 3875 morale,
1956 3810 2401 3877 cinquiemelecom
2422 3828 2472 3876 p.
2496 3816 2575 3866 26:

450 3888 452 3891 ’
562 3885 688 3936 Dieu
711 3886 794 3939 n'a
813 3884 956 3952 point
980 3887 1085 3941 tire·
1101 3886 1338 3942 Punivers
1367 3884 1438 3940 du
1463 3886 1626 3952 neunt,
1664 3886 1794 3945 ηιαὶε
1813 3886 1857 3945 ic
1876 3885 1944 3942 l’a
1963 3885 2135 3963 tireqe
2154 3886 2415 3959 luimzenze.
2439 3886 2581 3950 Quod
