2988 4832
1185 435 1191 442 ⁴
1306 464 1439 540 325

386 590 585 658 tiones
605 586 809 657 eliciat
824 639 845 668 ,
871 584 1066 679 prior,
1095 583 1424 658 licet'intra
1449 585 1624 656 idem
1644 590 1897 678 tempus
1914 586 2385 664 extrinsecum:

382 696 577 787 duplo
601 700 817 766 tamen
848 696 993 787 plus
1025 696 1172 765 vitae
1199 694 1391 763 habet
1413 745 1430 774 ,
1471 716 1669 785 quam
1699 694 2028 786 posterior.
2062 691 2208 762 Jam
2231 713 2384 762 vero

466 850 528 941 d)
553 849 840 942 Cognitio
861 855 1060 942 potest
1078 850 1223 943 plus
1240 849 1537 920 minusve
1554 871 1806 942 aequare
1827 849 2149 940 objectum
2171 846 2387 937 cogni-

383 965 524 1046 tum
548 1010 567 1038 ‚
609 964 673 1028 et
699 959 912 1028 volitio
939 960 1130 1027 unica
1170 959 1357 1052 plura
1379 960 1574 1027 simul
1605 958 1942 1049 complecti
1975 979 2091 1047 per
2117 955 2387 1025 modum
2488 981 2492 985 ·

255 1117 260 1124 f
383 1065 595 1134 unius,
630 1064 698 1135 Si
725 1088 879 1157 ergo
902 1068 1101 1134 existit
1126 1067 1350 1156 aliquis
1377 1067 1628 1157 spiritus
1649 1117 1668 1144 ‚
1713 1066 1826 1155 qui
1868 1064 2226 1154 cognitione
2271 1061 2389 1130 sua

384 1174 603 1241 omnia
644 1173 1089 1264 cognoscibilia
1120 1174 1240 1242 sub
1288 1176 1468 1242 omni
1510 1179 1800 1263 respectu
1844 1171 2390 1260 cognoscibilitatis

386 1280 689 1371 attingat,
723 1285 785 1349 et
808 1282 1023 1349 omnia
1039 1333 1056 1358 ‚
1088 1303 1231 1370 quae
1258 1282 1397 1350 vult
1417 1333 1435 1359 ‚
1470 1283 1587 1348 sua
1617 1281 1913 1348 volitione
1939 1279 2391 1371 complectatur

383 1409 500 1477 per
527 1388 795 1455 modum
822 1388 1052 1469 uniuS‚
1078 1389 1337 1457 unicam
1367 1394 1616 1457 tantum
1639 1388 2069 1478 cognitionem
2089 1387 2393 1454 unicam-

385 1514 511 1581 que
535 1493 897 1562 volitionem
917 1494 1174 1563 habehit
1194 1502 1258 1563 et
1278 1496 1514 1565 habere
1538 1496 1784 1586 poterit,
1814 1494 1925 1562 sed
1949 1513 2093 1582 quae
2118 1493 2392 1581 cognitio

392 1604 454 1667 et
476 1622 617 1691 quae
638 1600 852 1670 volitio
877 1624 1012 1670 non
1035 1601 1430 1692 aequivalebit
1453 1601 1647 1669 modo
1673 1601 1970 1669 omnibus
1996 1596 2392 1690 possibilibus

395 1708 856 1799 cognitionibus
900 1715 963 1778 et
1002 1705 1406 1779 'volitionibus
1438 1709 1798 1777 successivis
1820 1758 1840 1786 ‚
1894 1707 2010 1776 sed
2037 1728 2143 1774 eas
2171 1725 2392 1773 omnes

387 1817 766 1906 perfectione
810 1818 925 1885 sua
969 1818 1158 1885 etiam
1203 1817 1458 1884 excedet
1499 1817 1622 1884 hoc
1674 1818 1808 1907 ipso
1832 1865 1850 1894 ,
1905 1813 2079 1905 quod
2120 1813 2395 1881 univer-

386 1944 484 1991 sas
534 1921 605 1990 in
647 1944 850 1991 unam
902 1924 1271 1991 consocians
1315 1922 1707 1990 excludendo
1759 1919 2221 1990 successionem
2275 1939 2396 1986 ex·-

389 2029 603 2097 cludat
636 2026 1207 2120 imperfectionem.
1254 2027 1442 2098 Unde
1463 2028 1605 2097 talis
1633 2028 1883 2120 spiritus
1912 2045 2106 2097 omne
2144 2029 2397 2115 tempus

388 2136 807 2205 intrinsecum
831 2139 1156 2205 eminenter
1186 2157 1262 2205 ac
1285 2120 1473 2228 proin
1500 2140 1698 2205 totam
1734 2134 1929 2206 simul
1969 2133 2168 2205 vitam
2188 2134 2400 2226 possi-

392 2241 561 2311 debit
585 2246 925 2336 peripsam
947 2245 1376 2314 exclusionem
1403 2244 1800 2313 essentialem
1826 2264 2034 2312 omms
2061 2242 2398 2313 successio-

338 2410 343 2414 .
392 2352 493 2418 nis
546 2350 617 2420 in
667 2353 1025 2442 cognitione
1072 2357 1136 2423 et
1197 2352 1501 2423 volitione
1547 2373 1661 2422 seu
1705 2355 2012 2450 temporis
2051 2351 2399 2439 formaliter

388 2461 625 2551 sumpti
654 2485 673 2530 ε
706 2458 909 2551 Atqui·
1177 2450 1180 2451 ⁷

467 2634 521 2713 e)
571 2622 741 2694 Talis
790 2625 1042 2717 spiritus
1083 2631 1177 2695 est
1219 2624 1394 2696 Deus
1436 2632 1500 2694 et
1541 2623 1800 2717 quidem
1834 2648 1912 2696 ex
1953 2625 2088 2719 ipsa
2133 2623 2401 2697 essentia

387 2734 529 2802 sua.
572 2731 827 2801 Etenim
862 2731 1035 2802 Deus
1063 2785 1081 2812 ‚
1119 2735 1385 2815 existens
1412 2734 1477 2802 vi
1502 2734 1916 2825 possibilitatis
1942 2734 2241 2803 absolutae
2273 2734 2393 2825 (1),

388 2838 516 2907 hoc
542 2840 677 2929 ipso
714 2844 807 2908 est
836 2862 951 2908 ens
980 2839 1402 2919 realissimum
1435 2861 1548 2907 seu
1575 2841 2100 2929 perfectissimum
2151 2866 2168 2907 ε
2225 2843 2398 2932 atqui

391 2950 656 3033 cognitio
685 2953 749 3015 et
775 2949 985 3014 volitio
1012 2953 1103 3015 est
1115 2948 1401 3036 perfectio
1432 2997 1448 3024 ,
1482 2948 1822 3012 successivae
1846 2969 1996 3016 vero
2037 2949 2401 3036 coqnitiones

391 3065 449 3121 et
467 3057 777 3121 volitiones
799 3055 1297 3144 imperfectionem
1319 3053 1633 3120 involvunt
1659 3057 1887 3122 tamin
1912 3057 2121 3144 seipsis
2138 3107 2154 3134 ‚
2185 3061 2402 3147 utpote

393 3186 538 3255 quoe
562 3163 642 3233 ob
665 3164 980 3233 defectum
1002 3161 1447 3254 adaequationis
1466 3160 1693 3252 othcti
1712 3214 1728 3241 ‚
1758 3183 1871 3230 sen
1891 3184 1966 3230 eo
1985 3162 2155 3253 quod
2178 3162 2404 3253 objec-

392 3277 537 3340 tum
566 3271 937 3362 cognitionis
959 3276 1023 3339 et
1048 3269 1359 3338 volitionis
1379 3290 1514 3337 non
1543 3275 1749 3338 totum
1766 3276 1829 3338 et
1842 3291 2033 3338 omne
2053 3272 2362 3361 attingant
2373 3285 2403 3351 ,·

392 3380 793 3470 incompletae
822 3382 1001 3458 sunt;
1029 3398 1225 3467 quam
1244 3379 1316 3443 in
1343 3379 1598 3465 subjecto
1616 3391 1986 3465 coqnoseente
2013 3385 2075 3447 et
2095 3377 2347 3447 volente
2372 3392 2402 3459 ‚'

318 3472 322 3475 i
395 3487 567 3576 quod
582 3486 705 3554 hoc
733 3487 868 3576 ipso
891 3536 909 3563 ‚
955 3483 1125 3573 quod
1156 3483 1276 3574 ipsi
1302 3482 1540 3573 aliquid
1561 3486 2073 3575 cognoscendum
2100 3495 2162 3552 et
2182 3485 2401 3554 volen-
2452 3571 2455 3574 .

396 3592 555 3662 dum
581 3597 926 3685 superesset
944 3619 963 3672 ;
1004 3591 1354 3659 contineret
1371 3592 1443 3659 in
1461 3613 1527 3660 se
1543 3591 2014 3684 possibilitatem
2031 3592 2404 3665 transeundi

461 3817 531 3883 (1)
564 3819 726 3873 ontol.
760 3820 895 3872 Part.
932 3820 994 3871 11.
1036 3819 1165 3872 Sect-
1202 3822 1251 3873 Ω.
1285 3821 1402 3886 Cap,
1449 3801 1499 3874 l.
1543 3822 1662 3887 Pag2
1699 3824 1790 3873 236
1817 3823 1866 3874 et
1886 3823 2075 3886 notam,
2116 3826 2167 3873 et
2191 3821 2311 3885 cap.
2350 3821 2403 3874 ⁸.

398 3886 597 3943 Probat.
626 3894 738 3941 iam.
764 3891 884 3956 Pag.
917 3894 1027 3941 2³⁴0.

621 3982 666 4029 11
2093 3965 2176 4034 28
