2988 4832
1330 500 1459 569 377

495 620 685 690 Proh.
738 620 865 704 Qui
891 622 1139 714 agendo
1162 624 1472 696 rationem
1504 626 1824 705 continet,
1882 648 1999 721 cur
2022 626 2181 698 alter
2200 632 2344 720 agat
2379 673 2398 708 ,

375 731 476 798 ad
504 729 674 800 illius
694 732 1012 800 actionem
1053 733 1384 801 concurrit
1413 758 1431 799 ε
1466 735 1663 823 atqui,
1698 734 1776 803 de
1805 757 2403 828 quacunque-crea-
2477 720 2480 731 ¹

401 846 560 908 turae
591 839 838 908 actione
866 861 1075 909 sermo
1111 841 1226 919 sit,
1235 844 1250 883 ¹
1280 839 1453 909 Deus
1500 841 1749 932 agendo
1774 843 2087 911 rationem
2123 846 2405 934 aliquam

388 947 728 1024 continet
762 967 879 1016 cur
907 968 1023 1014 ens
1049 946 1334 1015 creatum
1369 953 1537 1038 agat.
1588 946 1758 1017 Nam
1798 947 1970 1018 Deus
2013 952 2262 1040 agendo
2292 973 2403 1020 seu
2491 1006 2496 1015 f

378 1059 541 1121 ⁴actu
592 1052 888 1144 positivo'
911 1060 1240 1123 conservat
1276 1040 1579 1145 singulas
1629 1062 1998 1135 creaturas,
2048 1079 2399 1149 earumque

387 1180 661 1230 omnem
690 1161 921 1251 agendi
946 1162 1124 1240 vim,
1163 1167 1227 1231 et
1262 1163 1522 1253 quidem
1563 1185 1638 1232 eo
1677 1165 1811 1254 ipso
1864 1171 2232 1244 momento,
2278 1189 2407 1256 quo

380 1269 514 1339 illae
543 1270 678 1338 vim
709 1291 893 1338 suam
921 1273 1186 1337 exerunt
1229 1291 1341 1338 seu
1384 1293 1514 1361 quo
1555 1278 1779 1362 agunt.
1840 1271 2014 1364 Ergo
2059 1273 2138 1342 ad
2182 1296 2407 1343 omnes

389 1379 665 1447 actiones
712 1377 1034 1447 concurrit
1074 1397 1190 1466 per
1232 1379 1828 1463 conservationem:
1875 1379 1986 1447 sed
2015 1384 2404 1449 conservatio

390 1491 482 1552 est
522 1486 684 1553 actio
726 1485 988 1575 physica
1032 1507 1058 1562 ‚-
1118 1505 1273 1572 ergo
1310 1482 1410 1550 ad
1465 1505 1697 1551 omnes
1752 1484 2046 1552 actiones*
2069 1478 2407 1557 ‘concurrit

395 1592 670 1683 physice.

475 1802 634 1872 176.
667 1801 899 1874 Senon}
942 1804 1214 1886 Quaestio
1234 1805 1367 1895 jam
1394 1808 1487 1874 est
1513 1811 1537 1883 ζ
1583 1824 1669 1874 an
1694 1804 1978 1896 physicus
2001 1807 2121 1874 Dei
2153 1826 2406 1875 concur-

390 1935 490 1976 sus
507 1963 522 1988 ,
554 1911 688 2001 qui,
726 1933 803 1980 eo
823 1910 996 2002 quod
1014 1912 1096 1979 ad
1126 1933 1349 1979 omnes
1381 1911 1648 1981 omnino
1668 1917 2099 1983 creaturarum
2131 1914 2409 1984 actiones

389 2042 455 2086 sc
500 2018 881 2109 exporrigit,
928 2023 1097 2086 recte
1145 2020 1328 2105 etiam
1357 2020 1660 2106 generalis
1688 2019 1915 2087 dicitur
1938 2070 1955 2096 ,
1990 2019 2069 2086 sit
2088 2022 2408 2088 immedia-

388 2141 486 2192 tus
514 2125 618 2192 vel
647 2125 966 2191 modiatas.
1019 2123 1184 2192 Sunt
1223 2176 1238 2203 ,
1297 2126 1407 2213 qui
1457 2126 1657 2212 ipsam
1702 2126 1860 2191 lianc
1904 2128 2407 2195 conservationem

389 2233 805 2299 immediatum
837 2251 1189 2319 concursum
1227 2234 1453 2299 volunt
1472 2254 1604 2300 csse
1631 2283 1648 2310 ,
1699 2238 2012 2321 quatenus
2053 2236 2213 2302 actio
2258 2233 2401 2313 Del,

387 2337 621 2407 virium
642 2344 999 2407 creatarum
1026 2340 1470 2418 conservatrix,
1502 2339 1581 2406 sit
1611 2340 1770 2407 ratio
1794 2338 2089 2430 quaedam
2107 2345 2405 2432 proxima

385 2461 442 2517 et
488 2447 845 2518 immediata
897 2449 1271 2538 quorumvis
1316 2447 1699 2529 effectuum;
1754 2447 1860 2520 alii
1900 2453 2114 2519 autem
2180 2450 2406 2520 volunt

385 2558 568 2626 hunc
603 2576 988 2625 concursum
1019 2576 1154 2624 non
1186 2578 1317 2625 esse
1345 2556 1469 2625 nisi
1491 2556 1827 2622 andiacum
1855 2555 2194 2627 effectuum
2215 2610 2230 2636 ,
2254 2581 2409 2649 qua-

386 2673 575 2735 tenus
593 2662 766 2732 Deus
794 2665 1151 2753 subjectum
1186 2688 1305 2734 ceu
1332 2664 1715 2756 principium
1747 2717 1762 2743 ,
1800 2666 1971 2755 quod
2000 2668 2165 2758 agit,
2188 2674 2251 2737 et
2277 2668 2408 2739 vim
2499 2761 2504 2766 .
2579 2761 2596 2772 φ

387 2793 507 2846 ceu
531 2771 819 2844 medium
837 2823 854 2851 ,
889 2794 1017 2863 quo
1055 2773 1443 2866 principium
1472 2774 1647 2863 agit,
1680 2781 2033 2843 conservat.

473 2962 724 3037 Verum
748 2963 1099 3041 interhos:
1136 2984 1290 3032 cum
1327 2961 1584 3052 utrique
1631 2960 1857 3048 Deum,
1887 2962 2019 3029 sola
2065 2984 2405 3034 conserva-

391 3075 566 3144 tione
595 3073 830 3142 directa
855 3078 916 3141 et
943 3070 1208 3163 positiva
1244 3070 1327 3137 ad
1365 3070 1643 3138 actiones
1672 3074 2108 3139 creaturarum
2130 3091 2407 3139 concur-

385 3205 534 3251 rere
555 3181 860 3257 doceant,
900 3179 979 3248 lis
1016 3180 1219 3269 magis
1252 3177 1329 3245 de
1362 3176 1556 3245 verbo
1583 3227 1599 3254 ‚
1641 3198 1837 3267 quam
1881 3175 1958 3242 de
1989 3176 2126 3267 ipsa
2161 3199 2232 3245 re
2262 3188 2401 3259 θεῖς

356 3365 359 3366 ⁷
386 3312 473 3360 an
499 3311 734 3380 nempe
771 3289 896 3355 Izoec
918 3287 1287 3388 conservatio
1326 3304 1674 3356 concursus
1709 3284 2030 3360 mediatus,
2075 3304 2162 3351 an
2187 3286 2409 3353 imme-

390 3399 598 3468 diacus
627 3397 710 3467 sit
731 3394 1170 3487 appellandus.

471 3559 594 3635 ‘Ast
623 3557 886 3653 quaestio
905 3555 1168 3625 ulterior
1196 3561 1289 3625 est
1315 3564 1340 3632 ,“
1377 3575 1481 3628 an
1508 3574 1644 3627 non
1671 3552 1845 3623 Deus
1881 3560 2111 3644 praeter
2140 3574 2405 3625 conscr-

395 3669 717 3740 vationem
750 3686 970 3736 rerum
1008 3664 1312 3732 directam
1359 3667 1421 3731 et
1472 3662 1803 3753 positivam
1846 3661 2087 3729 ratione
2128 3658 2406 3747 quadam

304 3814 309 3818 ·
396 3774 696 3869 peculiari
722 3780 786 3848 et
813 3775 899 3845 ita
930 3776 1273 3843 concurrat
1296 3770 1378 3840 ad
1407 3768 1687 3839 actiones
1720 3775 2025 3838 creaturae
2055 3788 2168 3837 seu
2200 3786 2405 3837 causae

389 3882 725 3966 secundae,
763 3891 998 3958 utnon
1024 3890 1217 3960 modo
1263 3881 1341 3953 sit
1387 3879 1546 3954 ratio
1579 3876 1895 3956 sufficiens
1938 3873 2301 3947 immediata
2339 3881 2401 3945 et
