2988 4832
1274 503 1398 575 241

338 627 631 698 infinita.
661 626 836 720 atqui
857 625 1089 706 homo,
1126 632 1342 720 utpote
1369 628 1626 707 finitus,
1663 627 1886 720 nequit
1914 626 2130 721 puniri
2155 566 2349 721 poenss

337 735 587 806 infinita
620 733 861 805 ratione
907 734 1319 817 intensionis3
1382 759 1537 830 ergo
1584 743 1821 817 restat,
1874 742 1950 806 ut
1993 759 2212 830 poenas
2243 736 2348 806 det

336 843 613 912 infinitas
636 841 879 912 ratione
905 841 1207 935 temporis
1233 893 1255 924 ,
1284 843 1331 913 i.
1352 864 1429 915 e.
1459 848 1756 915 oeternas.
1801 840 1874 913 Si
1902 864 2055 913 vero
2100 842 2350 913 dicatur

332 950 413 1041 ὀ)
456 951 741 1041 finitum,
788 947 1012 1018 saltem
1038 1002 1055 1028 ‚
1102 949 1180 1018 de
1231 971 1361 1041 quo
1403 950 1572 1019 inter
1620 969 1848 1020 omnes
1893 949 2195 1020 convenit
2219 1000 2237 1028 ‚
2271 970 2349 1019 eo

333 1061 542 1148 major
571 1063 664 1127 est
712 1055 950 1126 offensa
973 1109 989 1136 ,
1026 1079 1154 1148 quo
1181 1057 1453 1127 nobilior
1481 1063 1577 1127 est
1619 1076 1895 1150 persona
1938 1056 2091 1128 loesa
2123 1044 2193 1128 et‘
2220 1078 2349 1148 quo

333 1165 526 1236 vilior
551 1186 822 1257 persona
846 1164 1088 1234 laedens
1117 1191 1134 1235 ε
1167 1167 1340 1257 atqui
1370 1165 1534 1236 nihil
1566 1165 1842 1236 nobilius
1862 1164 2163 1254 dignitate
2184 1164 2351 1235 divi-

333 1274 428 1341 na
446 1325 465 1352 ,
499 1271 661 1342 nihil
694 1271 882 1342 vilius
910 1274 1201 1347 creatura
1232 1272 1660 1366 undequaque
1687 1296 1729 1344 a
1781 1269 1918 1343 Deo
1943 1273 2347 1366 dependent13

333 1401 495 1470 ergo
536 1384 871 1470 peccatum
897 1385 990 1449 est
1022 1381 1259 1450 offensa
1288 1404 1481 1473 supra
1528 1403 1794 1451 omnem
1839 1380 2148 1451 offensam
2191 1380 2353 1449 fini-

336 1491 471 1554 tam
495 1537 511 1566 ,
547 1486 860 1578 siquidem
888 1486 1209 1578 objectum
1245 1488 1561 1558 offensum
1591 1495 1683 1559 est
1719 1509 1912 1580 supra
1959 1508 2227 1557 omnem
2250 1487 2352 1556 di-

340 1595 651 1684 gnitatem
689 1592 962 1665 finitam.
1012 1593 1200 1664 Unde
1229 1595 1318 1664 sio
1354 1620 1371 1664 ε
1405 1593 1658 1664 Offensa
1711 1616 1903 1687 supra
1939 1616 2207 1666 omnem
2250 1596 2351 1663 os-

344 1701 594 1769 sensam
620 1699 868 1771 finitam
902 1702 1101 1794 posita
1147 1702 1364 1794 puniri
1390 1708 1590 1794 potest
1623 1704 1818 1796 poena
1846 1724 2037 1794 supra
2082 1723 2353 1772 omnem

343 1828 604 1899 poenam
632 1807 880 1878 finitam
917 1808 1119 1901 posita
1154 1830 1176 1880 z
1218 1809 1395 1900 atqui
1420 1831 1611 1900 poena
1634 1863 1651 1889 ,
1693 1831 1889 1901 quam
1922 1808 2096 1880 Deus
2124 1810 2208 1879 ab
2239 1812 2356 1881 ho-

318 1913 518 1999 ,mine
549 1918 875 2006 peccatore
898 1918 1226 2006 repeteret,
1251 1936 1386 1984 non
1412 1922 1571 1985 esset
1591 1937 1782 2009 supra
1803 1935 2069 1985 omnem
2091 1935 2353 2006 poenam

338 2023 592 2092 finitam
643 2024 880 2115 posita,
911 2022 966 2092 si
1014 2045 1148 2092 non
1184 2028 1346 2092 esset
1392 2027 1631 2092 aeterna
1665 2049 1683 2093 ε
1725 2023 1779 2091 si
1808 2023 1985 2091 enim
2018 2042 2155 2091 non
2191 2028 2352 2091 esset

346 2136 615 2219 aeterna,
660 2129 909 2222 concipi
936 2136 1143 2222 posset
1173 2129 1296 2199 alia
1334 2151 1528 2222 poena
1567 2130 1748 2200 finita
1768 2182 1785 2208 ,
1823 2150 1968 2222 quae
2012 2136 2172 2201 esset
2216 2132 2353 2222 ipsa

346 2236 591 2326 maj0r;
628 2258 782 2328 ergo
810 2244 1145 2329 peccatum
1170 2288 1189 2317 ,
1237 2237 1353 2308 etsi
1378 2238 1635 2309 finitum
1663 2237 1909 2313 dicatur
1933 2288 1951 2317 ‚
1993 2236 2187 2331 plecti
2222 2258 2354 2331 po-

352 2351 468 2413 test
493 2346 684 2437 poena
712 2346 992 2429 aeterna;
1045 2365 1317 2438 erg0....

1027 2613 1659 2728 OBJECTIONES3

436 2863 589 2934 108.
615 2859 785 2932 OBJ.
810 2861 1013 2932 Poena
1040 2867 1279 2932 aeterna
1301 2868 1619 2956 repugnat
1633 2859 1889 2952 justitiae
1924 2858 2179 2931 divinae.
2204 2857 2353 2930 Jus-

342 2971 483 3039 titia
526 2973 701 3040 enim
730 2971 1043 3064 postulat,
1089 2974 1165 3037 ut
1208 2970 1287 3038 sit
1325 2967 1652 3062 proportio
1705 2968 1872 3035 inter
1908 2972 2247 3059 peccatum
2292 2974 2358 3035 et

343 3070 653 3171 poenam:
690 3077 864 3169 atqui
918 3075 1100 3145 nulla
1132 3081 1226 3144 ost
1270 3076 1590 3167 proportio
1622 3073 1789 3143 inter
1833 3079 2165 3167 peccatum
2207 3095 2354 3141 mo-

342 3193 767 3257 mentaneum
796 3193 859 3255 et
884 3206 1143 3278 poenam
1177 3193 1518 3269 aeternm3
1554 3206 1707 3277 ergo
1729 3184 1859 3255 vita
1880 3184 2094 3254 sutura
2112 3183 2355 3253 ratione

342 3317 554 3389 poenae
580 3296 799 3388 nequit
836 3315 970 3363 esse
1014 3299 1276 3365 aeterna.

437 3459 520 3532 R.
567 3463 658 3533 N.
707 3461 861 3530 Ant.
899 3458 1031 3530 Ad.
1062 3458 1249 3551 prob.
1298 3461 1384 3530 D.
1425 3462 1593 3550 Maj.
1640 3458 1885 3538 Iustitia
1934 3457 2206 3551 postulat
2232 3508 2250 3539 ‚
2283 3464 2359 3526 ut

343 3570 517 3647 inter
555 3572 886 3660 peceatum
928 3573 994 3635 et
1040 3587 1301 3658 poenam
1350 3569 1429 3636 sit
1463 3570 1786 3662 proportio
1816 3565 2188 3657 <equalitatis
2209 3615 2232 3647 ,
2277 3567 2351 3634 C.

338 3677 514 3764 Maj.
565 3673 651 3745 Ut
679 3675 757 3745 sit
798 3674 1116 3767 proportio
1163 3678 1445 3766 temporis
1467 3726 1484 3755 ‚
1529 3677 1618 3747 N.
1648 3678 1815 3764 Maj.
1852 3679 1918 3743 et
1945 3675 2031 3743 D.
2071 3673 2359 3747 similiter

314 3815 317 3820 ·
338 3778 598 3851 Minore
623 3783 711 3854 N.
751 3784 931 3852 Com.
973 3777 1190 3873 Itaque
1219 3783 1399 3851 nulla
1425 3784 1686 3875 quidem
1718 3789 1812 3852 est
1842 3784 2161 3876 proportio
2191 3789 2360 3860 tem-

341 3892 520 3987 poris
571 3893 736 3964 inter
780 3896 1113 3986 peccatum
1138 3898 1201 3960 et
1239 3914 1498 3985 poenam
1523 3944 1541 3975 ,
1575 3893 1686 3968 sed
1725 3891 1962 3986 justitia
2005 3914 2140 4059 ngr:
2186 3891 2359 3964 hanc

575 4012 624 4059 11
