2988 4832
1388 446 1391 449 ’
1460 493 1589 563 180

518 612 865 704 miguierc‚
912 610 1205 704 quamvis
1243 609 1685 680 conclusiones
1715 627 1791 676 a
1783 603 2253 675 materialismo
2301 606 2539 677 alienas

516 720 782 790 deducat
807 742 885 790 ex
932 718 1259 811 principiis
1309 715 1727 787 sensualismo
1761 713 2157 787 faventibus·
2137 764 2158 796 ,
2210 718 2276 784 et
2301 713 2543 805 hujus-

515 826 690 896 modi
712 827 820 896 alii
848 826 1169 918 praecipue
1203 830 1635 894 numerantur
1664 822 1778 915 (1).
1893 842 1896 843 ⁷

458 913 481 1006 ἦ
597 955 896 1026 Saeuum:
933 976 1276 1025 eumanum
1316 955 1501 1031 inter
1512 951 1833 1076 Antiquos
1857 956 1950 1022 est
1978 950 2207 1029 Plato,
2241 950 2354 1041 qni
2383 969 2541 1047 sup-

515 1063 740 1157 ponit.
771 1063 1059 1133 animas
1041 1084 1113 1132 m
1137 1066 1301 1131 statu
1335 1059 1617 1153 quodam
1642 1059 1840 1152 priori
1878 1055 2244 1130 immediate
2286 1056 2359 1124 in
2403 1053 2543 1124 Deo

514 1170 774 1240 intuitas
820 1169 1008 1238 fuisse
1057 1169 1263 1256 ideas,
1298 1190 1457 1261 quas
1486 1168 1751 1259 quidem
1797 1167 2155 1238 etiamnum
2201 1161 2538 1240 habeant,

525 1275 630 1349 sed
655 1276 936 1368 quarum
965 1274 1209 1346 claram
1256 1276 1664 1373 intuitionem
1693 1327 1712 1355 ,
1747 1270 1826 1346 ex
1869 1297 1999 1366 quo
2028 1276 2099 1343 in
2131 1293 2398 1363 corpora
2427 1270 2545 1339 de-

529 1383 719 1455 lrusae
764 1384 917 1462 sint-
932 1436 948 1463 ‚
982 1382 1392 1475 perdiderint.
1432 1382 1707 1452 Excitari
1754 1372 1972 1453 tamen
2007 1382 2149 1451 illas
2200 1380 2372 1450 ideas
2395 1429 2430 1458 „
2467 1378 2539 1447 in

538 1493 731 1562 inimz'i
755 1494 934 1585 quasi
958 1495 1028 1561 in
1055 1514 1211 1583 agro
1246 1491 1522 1561 fecundo
1546 1491 1882 1573 seminatas
1906 1539 1929 1570 ,
1958 1511 2075 1582 per
2098 1486 2544 1579 impressiones

540 1599 834 1684 tensuales
857 1600 938 1668 ab
973 1599 1234 1692 objectis
1255 1590 1567 1680 externis,
1598 1605 1813 1691 utpote
1840 1600 1911 1667 in
1942 1597 2173 1689 quibus
2198 1595 2544 1664 similitudo

500 1708 820 1801 quaedam
844 1700 1106 1777 illarum
1128 1707 1416 1777 idearum
1437 1706 1853 1800 resplendeat,
1881 1728 1997 1799 per
2019 1727 2217 1795 quam
2240 1704 2322 1772 ad
2343 1702 2546 1771 remi·
2587 1729 2598 1789 ι

519 1815 901 1902 niscentiam
936 1836 1160 1884 earum
1194 1816 1547 1885 excitentur
1585 1816 1817 1900 animae
1847 1865 1864 1894 ,
1899 1818 1973 1882 ut
2014 1813 2171 1881 adeo
2216 1814 2389 1903 juxta
2432 1809 2545 1901 ip·-

516 1946 663 1992 sum
711 1922 1028 1992 addiscere
1088 1944 1224 1992 non
1276 1924 1355 1999 sit
1398 1923 1525 1992 nisi
1575 1921 1922 1993 reminisci.
1979 1909 2153 1989 Inter
2201 1917 2547 1988 Modernos

478 2102 491 2111 κ
515 2032 684 2101 ideas
712 2025 945 2101 rerum
987 2029 1521 2101 intellectualium
1545 2053 1585 2100 a
1614 2029 1902 2100 sensibus
1930 2027 2110 2105 nullo
2149 2027 2340 2097 modo
2390 2026 2547 2095 oriri

495 2139 747 2209 docent
774 2137 1101 2208 Descartes
1125 2188 1147 2220 ,
1187 2137 1462 2208 Bossuet
1491 2137 1575 2230 (2)
1606 2191 1623 2216 ,
1657 2137 1945 2207 Fenelon
1969 2134 2051 2227 (3)
2081 2186 2098 2215 ,
2142 2133 2547 2204 Mallebran-

517 2247 636 2317 che
660 2246 743 2340 (4)
773 2301 790 2327 ,
825 2269 1049 2317 omnes
1070 2299 1086 2326 ,
1127 2251 1201 2314 ut
1242 2268 1360 2338 per
1398 2267 1466 2315 se
1510 2252 1680 2338 patet
1709 2298 1725 2323 ‚
1772 2243 2071 2313 idealistae
2106 2241 2441 2333 germani,
2474 2247 2546 2310 et

515 2357 940 2427 recentissime
971 2353 1364 2447 amplissimo
1410 2376 1601 2446 opere
1636 2351 1720 2422 D.
1767 2351 2057 2422 Rosmini
2083 2401 2102 2431 ,
2155 2348 2347 2419 Italus
2371 2402 2387 2430 ‚
2428 2350 2545 2441 qui

446 2473 449 2480 '
518 2487 743 2554 omnes
767 2465 1109 2557 categorias
1141 2461 1360 2576 ISanffi
1385 2463 1468 2533 ad
1496 2486 1699 2533 unam
1720 2460 1931 2531 ideam
1954 2460 2111 2528 entis
2139 2458 2388 2528 reducit
2424 2458 2538 2550 (5).

534 2773 538 2778 ⁴
577 2748 646 2814 (1)
679 2748 804 2799 Vide
821 2751 929 2798 tum
949 2746 1238 2809 Aristotelis,
1257 2750 1368 2797 tum
1389 2745 1619 2809 aliorum,
1642 2746 1731 2809 qui
1759 2743 1843 2796 hic
1863 2749 2182 2800 recensentur
2197 2779 2216 2808 ,
2257 2748 2527 2810 systemata

518 2820 572 2887 in
590 2821 787 2884 synopsi
813 2820 927 2871 hist.
961 2820 1087 2883 phil.
1119 2819 1278 2870 fusius
1301 2817 1541 2882 exposita.

581 2911 648 2977 (2)
681 2912 752 2962 De
775 2911 826 2973 la
844 2912 1184 2973 connaissance
1202 2910 1266 2962 de
1279 2910 1406 2961 Dieu
1421 2911 1470 2959 et
1489 2907 1555 2960 de
1570 2908 1858 2962 soi-memes

534 3079 537 3084 .
579 3002 652 3069 (8)
680 3004 753 3055 De
772 3004 1048 3057 I'ext‘stence
1066 3004 1131 3055 de
1151 3004 1302 3060 meu.

577 3096 648 3163 (4)
683 3096 824 3147 Dela
843 3096 1091 3148 recherche
1109 3095 1174 3146 de
1195 3087 1246 3147 la
1274 3094 1448 3161 ve'rz‘tc‘,
1473 3098 1597 3147 tom.
1620 3094 1709 3147 111.
1729 3100 1783 3159 μ’
1803 3097 1855 3146 2.
1878 3094 1960 3147 ch.
1980 3097 2032 3150 6.
2054 3091 2123 3148 ’1.”

534 3205 541 3209 ·
570 3184 645 3252 (ἦ)
675 3185 848 3237 Nuovo
876 3187 1055 3251 saqqio
1073 3184 1388 3250 sull'orz’qine
1415 3185 1547 3236 delle
1571 3185 1699 3238 idee.
1722 3185 1856 3247 opus
1880 3186 1978 3236 hoc
2002 3186 2159 3237 tribus
2196 3181 2543 3243 voluminibus

516 3260 719 3321 constat,
743 3257 798 3307 in
817 3270 1033 3320 quorum
1061 3256 1225 3319 primo
1253 3256 1438 3307 refutat
1467 3256 1755 3319 opinionem
1774 3270 1951 3307 eorum
1972 3291 1990 3319 ,
2028 3259 2117 3320 qui
2146 3272 2262 3310 cum
2284 3254 2454 3312 'Locke
2492 3266 2553 3316 et

516 3329 767 3378 Condillac
785 3328 1011 3379 idearum
1041 3328 1286 3391 originem
1305 3342 1335 3378 a
1352 3328 1575 3379 sensibus
1595 3330 1857 3378 derivant:
1882 3328 1937 3378 in
1958 3331 2114 3381 altero
2144 3333 2325 3383 evertit
2348 3335 2539 3387 doctri-

517 3402 635 3449 nam
660 3398 895 3459 Platonis,
914 3400 1081 3449 Kantii
1103 3400 1416 3463 aliorumque
1437 3412 1455 3453 2
1477 3400 1534 3450 in
1552 3400 1699 3466 tertio
1719 3398 1933 3462 denique
1951 3414 2095 3452 suam
2115 3405 2419 3456 sententiam
2452 3420 2547 3460 ex·

496 3470 656 3537 ‘ponit
670 3473 720 3520 et
738 3471 1033 3521 confirmare
1052 3471 1249 3535 satagit.
1270 3471 1481 3522 Videtur
1515 3475 1683 3521 autem
1711 3470 1785 3521 Cl.
1809 3467 1995 3521 Auctor
2013 3471 2123 3534 ejus
2144 3474 2391 3536 opinionis
2414 3490 2546 3540 esse.

519 3542 650 3591 ideas
679 3542 951 3591 necessario
970 3543 1050 3592 vel
1076 3555 1248 3593 omnes
1270 3556 1305 3593 a
1322 3544 1545 3594 sensibus
1577 3542 1714 3592 dei-iv
1722 3542 1825 3607 ari,
1862 3543 1944 3594 vel
1979 3544 2169 3606 aliquas
2190 3558 2295 3597 esse
2319 3547 2545 3609 innatas,

519 3610 588 3661 ita
605 3615 662 3661 ut
675 3612 896 3662 medium
915 3626 1018 3663 non
1032 3614 1216 3679 detur;
1254 3615 1389 3665 unde
1409 3615 1562 3664 ctiam
1580 3615 1715 3665 totus
1735 3618 1809 3664 est
1833 3615 1892 3665 in
1920 3630 2019 3680 eo,
2042 3621 2099 3667 ut
2120 3618 2348 3669 refutatis
2376 3621 2537 3670 sensi-

514 3682 608 3732 stis
630 3682 828 3733 unicam
848 3684 1031 3747 ideam,
1051 3685 1192 3747 quus
1208 3685 1451 3747 objectum
1471 3687 1535 3735 sit
1552 3684 1653 3739 ιδ’
1629 3706 1678 3739 ου
1698 3686 1770 3754 (in
1801 3701 1982 3751 genere
2001 3702 2090 3741 seu
2115 3690 2383 3757 possibile),
2422 3695 2543 3742 tan-

521 3767 672 3822 quam
694 3754 917 3807 innatam
949 3758 1300 3809 assumendam
1319 3771 1424 3810 esse
1447 3760 1687 3811 stabiliat.

576 3833 750 3884 Circa
737 3836 1049 3899 ingeniosum
1082 3838 1178 3887 hoc
1198 3841 1410 3902 systema
1439 3838 1497 3889 id
1543 3840 1937 3891 animadvertere
1971 3841 2159 3903 licebit,
2190 3844 2368 3896 ideam
2383 3844 2536 3897 istam

519 3905 698 3957 assumi
716 3905 940 3994 inprimis
960 3912 1017 3961 ut
1034 3909 1279 3975 innatam,
1322 3915 1374 3961 et
1388 3910 1504 3962 dein
1525 3915 1584 3963 ut
1603 3912 1767 3965 ideam
1790 3913 1917 3965 entis
1942 3913 1994 3963 in
2014 3929 2191 3979 qenere
2211 3930 2300 3968 seu
2310 3915 2535 3983 possibi-
