2988 4832
635 583 809 641 sione
839 570 1029 663 hujus
1044 569 1420 640 sensatiouis
1443 563 1708 664 percipit
1732 576 1797 639 eo·
1814 590 1934 639 esse
1962 553 2410 665 simplicit‘ffiet
2435 565 2646 643 ideam

632 669 803 739 hanc
822 688 917 741 τοῦ
937 695 1056 740 esse
1098 672 1461 763 simpliciter
1483 676 1868 763 praesentem
1885 670 2080 742 sistit.
2124 671 2272 742 Jam
2289 670 2646 742 intellectus

521 804 526 807 ·
633 774 951 866 objectum
994 799 1112 869 per
1153 800 1377 848 sensus
1424 777 1654 848 datum
1701 784 2030 873 comparat
2078 779 2164 871 (1)
2195 801 2348 851 cum
2370 776 2520 848 idea
2545 782 2648 845 -τοῧ

633 904 750 949 esse
771 885 1129 981 simpliciter
1149 907 1266 982 per
1290 884 1795 984 rationem-data.
1823 890 1888 956 et
1904 886 2209 978 implicite
2237 886 2502 977 judicat,
2531 883 2649 952 ob·-

632 990 872 1080 iectum
903 991 1270 1061 sensatIonis
1291 992 1362 1061 in
1391 991 1501 1061 tali
1535 997 1599 1062 et
1626 996 1803 1062 tanto
1823 992 2075 1085 gradu„
2109 992 2229 1062 sub
2247 993 2371 1072 ¹tali
2399 993 2506 1061 vel
2533 989 2645 1058 tali

631 1112 919 1191 respectu
938 1100 1265 1185 conforme
1281 1123 1415 1172 esse
1435 1101 1544 1170 vel
1564 1101 2045 1171 similitudinem
2063 1101 2302 1171 referre
2326 1121 2483 1170 cum
2501 1097 2650 1167 idea

632 1222 727 1304 τοι
756 1231 875 1277 esse
909 1210 1267 1297 simpliciter
1305 1209 1391 1301 (2)
1420 1261 1438 1290 ,
1475 1213 1665 1299 atque
1718 1210 1809 1278 sic
1831 1209 2254 1300 pronuntians
2310 1206 2527 1275 ideam
2555 1226 2650 1280 τοῦ

632 1310 750 1383 esse
770 1316 1127 1407 simpliciter
1148 1340 1300 1385 cum
1325 1319 1678 1386 sensatione
1706 1319 1779 1385 in
1804 1338 2003 1385 unam
2026 1314 2480 1384 conscientiam
2496 1336 2651 1387 con·

635 1423 827 1510 cipit.
860 1428 926 1493 et
949 1423 1036 1492 ita
1066 1430 1446 1510 conceptum
1473 1446 1588 1495 seu
1615 1424 1826 1494 ideam
1855 1422 2216 1492 sensualem
2239 1422 2500 1493 format.

645 1645 765 1724 f‘(l)
800 1654 929 1706 Cum
959 1653 1068 1706 dico
1087 1653 1370 1724 compar-aij
1392 1656 1625 1722 intelligo,
1646 1656 2060 1723 comparationem
2080 1654 2413 1721 implicitam.=
2446 1655 2650 1721 qualem

634 1741 783 1779 omne
806 1724 1052 1787 judicium
1086 1726 1381 1790 implicitum
1418 1729 1650 1791 requirit.
1690 1729 1884 1778 Scilicet
1912 1726 2188 1777 intellectus
2215 1728 2312 1778 hoc
2346 1728 2452 1790 ipso
2467 1763 2488 1793 ,
2520 1732 2649 1792 quod

634 1798 802 1848 ideam
823 1804 912 1850 uo
930 1809 1031 1848 esse
1059 1797 1345 1861 simpliciter
1358 1812 1460 1849 uon
1483 1801 1633 1850 habet
1646 1800 1882 1849 reflexam
1903 1801 1954 1848 et
1973 1798 2294 1860 distinctam,
2315 1799 2466 1849 etiam
2484 1798 2648 1861 objec-

634 1871 745 1919 tum
771 1883 862 1932 per
878 1882 1047 1921 sensus
1082 1872 1367 1932 perceptum
1388 1882 1491 1919 ιιοιι
1512 1871 1670 1931 potest
1688 1869 1918 1933 explicite
1937 1871 1989 1918 et
2018 1866 2089 1917 ita
2108 1881 2222 1918 cum
2250 1868 2311 1917 ea
2329 1881 2649 1931 comparare,
2717 1926 2725 1937 .

610 1930 776 2014 lquasi
796 1940 959 1992 ideam
979 1940 1128 1991 unius
1147 1940 1211 1989 ad
1232 1939 1396 1990 ideam
1414 1941 1618 1991 alterius
1642 1940 1846 1990 seorsim
1872 1943 1923 1991 et
1956 1939 2152 1989 divisim
2175 1943 2452 2002 perceptam
2475 1941 2652 1989 debeat
2718 1977 2722 1981 .

636 2011 853 2075 reserre3
891 2013 978 2063 sed
1009 2011 1307 2073 comparatio
1327 2013 1436 2062 haec
1468 2010 1525 2061 in
1561 2012 1664 2074 ipso
1684 2013 1923 2073 conceptu
1952 2010 2180 2060 sensuali
2203 2010 2273 2060 ita
2294 2011 2395 2061 iere
2413 2011 2651 2072 implicita

617 2084 740 2144 est,
761 2083 885 2133 sicut
901 2083 1022 2134 dum
1043 2081 1296 2134 hominem
1312 2083 1531 2147 aliquem
1550 2083 1770 2133 videntes
1789 2083 2092 2164 quandoque·
2105 2081 2318 2131 firmiter
2330 2080 2645 2164 judicamus,

635 2152 891 2205 hominem
906 2153 1056 2205 istum
1075 2153 1288 2205 similem
1305 2167 1410 2204 esse
1431 2154 1580 2205 alicui
1598 2154 1741 2204 alteri
1756 2153 1949 2204 homini
1968 2189 1984 2214 ‚
2008 2151 2131 2215 quin
2148 2186 2167 2215 ‚
2187 2152 2268 2203 cui
2288 2152 2488 2215 praecise
2507 2150 2648 2202 simi·

629 2225 695 2276 lis
713 2224 822 2288 sit,
855 2226 1198 2287 recordemur,
1223 2228 1310 2276 aut
1329 2225 1452 2288 quin
1472 2225 1579 2286 eJus
1592 2259 1611 2288 ,
1632 2225 1712 2274 cui
1730 2224 1946 2274 similem
1960 2222 2241 2285 judicamus
2258 2256 2278 2288 ‚
2310 2222 2474 2273 ideam
2492 2222 2651 2285 expli-

632 2295 785 2346 citam
807 2299 858 2346 et
875 2297 1110 2347 reflexam
1129 2296 1398 2346 habeamus
1414 2297 1675 2359 ‚adeoque
1694 2295 1877 2355 etiam,
1912 2295 2036 2357 quin
2057 2294 2282 2357 explicite
2302 2293 2518 2344 duorum
2538 2293 2648 2343 illo-

632 2379 756 2418 rum
788 2367 1049 2419 homiuum
1078 2366 1220 2432 quasi
1251 2367 1374 2418 duas
1396 2367 1602 2418 seorsim
1633 2365 1885 2415 distinctas
1917 2365 2051 2415 ideas
2085 2379 2281 2415 necesse
2308 2365 2372 2414 sit
2400 2365 2566 2415 adesse
2593 2366 2649 2416 ιιι

632 2438 803 2487 mente
820 2471 838 2499 ,
861 2451 1073 2500 quarum
1092 2451 1247 2489 unam
1271 2451 1386 2489 cum
1411 2438 1568 2489 altera
1590 2438 1915 2488 conseramus.
1938 2435 2002 2487 Et
2020 2438 2185 2486 tamen
2208 2450 2354 2487 nemo
2375 2436 2646 2504 negaverit,

634 2506 693 2557 ιιι
722 2511 962 2571 conceptu
982 2512 1148 2561 nostro
1167 2507 1452 2571 hujusmodi
1471 2509 1721 2570 hominis,
1758 2521 1908 2572 quem
1939 2508 2083 2558 alteri
2104 2509 2175 2558 sic
2203 2508 2417 2558 similem
2443 2499 2647 2567 judica-

630 2589 781 2642 mus,
803 2579 1076 2628 necessario
1111 2579 1279 2630 adesse
1300 2579 1722 2662 comparationem
1758 2578 2013 2641 aliqum,
2043 2581 2117 2627 ast
2147 2578 2331 2628 scilicet
2355 2576 2644 2639 implicitam

632 2651 686 2696 et
701 2659 804 2697 nou
826 2647 1126 2710 explicitam.
1164 2650 1327 2713 Atque
1345 2651 1416 2701 ita
1427 2650 1586 2700 etiam
1624 2651 1677 2699 in
1707 2649 1881 2711 quovis
1903 2652 2141 2711 conceptu
2161 2662 2331 2699 rerum
2353 2647 2643 2705 finitarum,

547 2774 554 2780 ,
632 2715 761 2765 hoc
746 2728 850 2778 ipso
872 2717 1004 2779 quod
1021 2717 1086 2768 sit
1102 2731 1166 2769 ex
1184 2732 1236 2769 se
1258 2719 1530 2770 necessario
1547 2718 1779 2769 relativus
1803 2718 1867 2767 ad
1888 2717 2140 2767 infinitum
2153 2718 2429 2783 ‚implicita
2445 2720 2519 2768 est
2535 2717 2647 2769 idea

631 2791 711 2843 τοῦ
726 2800 829 2839 esse
847 2786 1134 2852 simpliciter
1152 2791 1210 2841 ac
1227 2796 1487 2843 urouterea
1505 2790 1660 2840 etiam
1677 2790 1740 2841 ιιι
1753 2787 1928 2855 quovis
1946 2788 2187 2842 imnucita
2202 2788 2489 2853 hujusmodi
2508 2801 2643 2840 com-

631 2860 836 2925 paratio.

692 2931 941 2984 Aliunde
924 2947 980 2984 ιιι
995 2931 1167 2997 quovis
1187 2936 1428 2997 conceptu
1453 2934 1531 2985 rei
1549 2936 1623 2984 est
1653 2909 1916 2984 affirmatio
1933 2933 2015 2983 vel
2042 2933 2273 2998 negatio,
2307 2924 2413 2994 qua
2427 2930 2641 2981 affirma·

631 3015 744 3054 mus
765 3004 846 3053 vel
866 3017 1138 3068 negamus,
1172 3004 1351 3067 quasi·
1371 3018 1454 3054 res
1468 3006 1701 3070 percepta
1738 3007 1814 3055 est
1849 3003 1933 3055 vel
1948 3017 2045 3054 non
2075 3006 2147 3055 est
2171 3003 2258 3053 lzoc
2280 3003 2362 3053 tel
2380 3001 2533 3054 illud.
2549 3002 2643 3052 Sed

633 3073 815 3137 quaevis
834 3074 1096 3127 affirmatio
1114 3074 1242 3126 sicut
1262 3074 1445 3138 quaetis
1464 3075 1662 3138 negatio
1679 3075 1912 3139 supponit
1931 3074 2220 3138 implicitam
2237 3072 2490 3124 notionem
2512 3072 2644 3135 prin·

633 3144 749 3207 cipii
772 3143 1164 3196 contradictionis
1184 3157 1202 3198 ι
1223 3144 1540 3211 Nihilpotest
1558 3159 1664 3197 esse
1680 3145 1897 3196 simulet
1913 3159 2011 3196 non
2029 3160 2134 3196 esse
2145 3145 2326 3212 :juxta
2346 3143 2478 3210 quod
2496 3144 2639 3193 adeo-

634 3228 731 3278 que
750 3215 1112 3282 comparatione
1127 3228 1218 3267 seu
1245 3216 1503 3268 collatione
1520 3218 1666 3282 cnjus
1691 3230 1801 3268 rem
1818 3216 2124 3267 affirmamus
2141 3219 2221 3268 vel
2240 3228 2504 3280 negamus;
2526 3229 2641 3272 ergo

635 3285 689 3335 in
707 3287 889 3349 quovis·
900 3293 1138 3349 conceptu
1156 3287 1275 3338 insit
1293 3300 1485 3338 necesse
1503 3292 1577 3338 est
1597 3288 1896 3350 comparatio
1911 3300 1998 3337 seu
2019 3289 2211 3339 collatio
2230 3287 2456 3350 quaedam
2478 3285 2640 3347 impli-

618 3356 730 3430 *cita
748 3358 822 3408 rei
840 3361 1078 3421 perceptae
1099 3371 1216 3408 cum
1238 3360 1332 3408 hoc
1355 3359 1615 3422 principio.
1657 3360 1811 3422 Atqui
1830 3363 1997 3409 tamen
2018 3358 2167 3420 hujus
2183 3356 2411 3420 principii
2429 3369 2531 3405 non
2550 3354 2639 3403 ha-

550 3437 553 3440 ’
638 3426 807 3479 bemus
827 3427 987 3478 ideam
1006 3428 1286 3490 explicitam
1302 3431 1354 3479 et
1371 3430 1476 3494 ita‚·
1500 3432 1559 3480 ut
1576 3443 1693 3479 cum
1713 3430 1809 3480 hac
1839 3430 2043 3480 seorsim
2071 3427 2285 3491 spectata
2304 3437 2640 3488 comparemus

641 3501 921 3560 conceptum
940 3499 1013 3549 rei
1032 3500 1183 3549 etiam
1200 3500 1403 3550 seorsim
1426 3503 1733 3566 spectatum,
1771 3500 1895 3550 sed
1880 3514 1935 3550 ιιι
1970 3499 2084 3581 ipsa·
2098 3497 2420 3548 affirmatione
2445 3496 2524 3545 vel
2546 3507 2638 3546 ne·

640 3569 828 3643 ratione
851 3570 1112 3633 conceptus
1149 3571 1387 3634 implicita
1424 3576 1501 3622 est
1528 3572 1663 3623 notio
1709 3571 1843 3621 illius
1878 3569 2109 3633 principii
2140 3582 2233 3619 ceu
2265 3581 2443 3619 norma
2455 3600 2476 3629 ‚
2497 3564 2640 3627 ,iuxta

634 3637 784 3703 quam
804 3640 1078 3692 affirmetur
1097 3645 1177 3693 vel
1195 3647 1420 3707 negetur.
1442 3642 1572 3706 Ergo
1588 3657 1618 3693 a
1639 3643 1766 3706 pari.
1787 3669 1853 3680 —
1870 3642 1942 3692 Eo
1964 3641 2153 3704 magis,
2174 3640 2305 3702 quod
2329 3638 2458 3704 (vide
2475 3636 2637 3699 Logic.

633 3705 756 3763 Pur.
776 3709 900 3773 Pag.
929 3714 1005 3778 53,
1031 3723 1090 3763 11⁰
1111 3719 1172 3765 63
1193 3720 1244 3766 et
1264 3713 1451 3779 notam)
1480 3714 1593 3764 idea
1631 3713 1863 3777 principii
1893 3710 2288 3763 contradictionis
2311 3710 2375 3762 sit
2394 3709 2502 3774 ipsa
2529 3707 2637 3758 idea

633 3784 714 3835 τοῦ
735 3794 838 3833 esse
858 3782 1141 3846 simpliciter
1157 3788 1249 3837 sub
1277 3785 1490 3836 formula
1510 3786 1724 3848 quadam
1742 3798 1990 3848 expressa.

696 3874 766 3922 m
786 3871 913 3925 Vide
936 3875 1062 3929 infra
1081 3878 1201 3936 Pac.
1224 3882 1316 3929 205
1339 3882 1388 3930 ct
1408 3889 1542 3942 seqq.
1563 3877 1710 3942 Prop.
1737 3891 1815 3931 ιιι.
1835 3878 1984 3932 Proh.
2006 3879 2056 3933 Β.
2080 3903 2143 3920 -
2165 3876 2215 3944 a)
2236 3891 2297 3930 ex
2319 3878 2370 3931 S.
2392 3872 2604 3928 Themi·
2627 3896 2635 3917 ε
