2988 4832
1213 433 1218 439 ’
1324 449 1456 525 219

344 620 347 625 -
377 569 758 664 exemplaria
784 566 1155 641 creabilium
1192 591 1305 641 eeu
1345 569 1702 643 secundum
1746 592 1851 643 om
1859 569 1965 642 nia
2012 563 2342 663 possibilia-
2359 567 2385 650 ς’

374 702 532 772 ergo
558 680 700 749 haec
743 688 893 748 sunt
926 678 1137 772 ipsum
1174 699 1289 749 ens
1321 680 1743 750 realissimum
1772 681 1901 770 qua
1927 677 2329 768 intelligibile
2365 703 2385 755 ς

384 807 542 879 ergo
569 808 720 856 cum
751 787 876 855 sint
904 785 1146 876 objecta
1159 792 1583 878 conceptuum
1598 786 1803 856 stricte
1831 786 2171 862 dictorum,
2210 783 2279 851 hi
2315 802 2394 851 ex

375 895 519 1071 ips}
560 895 820 1093 npgone
880 894 1042 963 entis
1096 894 1426 964 realissimi
1469 894 1859 966 evincuntur
1905 913 2039 963 esse
2088 890 2390 981 obJective

376 1018 454 1072 re
521 1023 589 1073 es
708 1052 725 1072 .

463 1147 674 1239 Atque
710 1149 797 1216 ita
834 1148 898 1216 et
925 1147 1104 1237 origo
1138 1151 1202 1217 et
1236 1145 1544 1240 objectiva
1572 1144 1825 1217 realitas
1848 1145 2144 1214 omnium
2173 1143 2398 1234 cogni·

376 1255 635 1325 tionum
657 1260 1022 1324 nostrarum
1052 1255 1327 1347 exposita
1355 1260 1419 1324 et
1451 1254 1824 1323 summatim
1853 1251 2118 1344 probata
2144 1257 2259 1319 est.

469 1403 581 1475 97.
605 1403 795 1476 Juvat
822 1411 1039 1474 tamen
1060 1457 1077 1485 ,
1115 1426 1267 1479 cum
1300 1404 1539 1473 summi
1567 1402 1880 1471 momenti
1909 1425 2009 1470 res
2037 1402 2157 1477 sit,
2188 1406 2382 1469 totam

378 1512 689 1582 theoriam
709 1513 779 1581 in
800 1534 1003 1604 pauca
1035 1510 1232 1581 verba
1264 1518 1655 1580 contractam
1695 1510 1872 1601 quasi
1902 1509 2021 1578 sub
2051 1531 2182 1577 uno
2218 1531 2386 1577 con-

350 1626 597 1712 ‘spectu
626 1620 708 1689 ob
740 1620 956 1689 oeulos
981 1641 1250 1712 ponere.

468 1767 700 1858 Agitur
727 1766 834 1834 hic
852 1764 1127 1834 maxime
1146 1768 1366 1833 contra
1394 1761 1730 1840 Idealistas,
1757 1782 2034 1855 quorum
2054 1760 2389 1854 pantheis-

382 1872 507 1942 tica
534 1873 819 1943 doctrina
859 1877 1056 1942 totam
1092 1872 1223 1941 fere
1253 1870 1602 1940 hodiedum
1644 1868 1883 1960 ubique
1928 1868 2394 1961 philosophiam

383 1980 604 2050 inficit.
655 1977 897 2048 Notum
918 1986 1011 2048 est
1035 1999 1267 2069 nempe
1291 2028 1309 2058 ,
1350 1976 1793 2069 empirismum
1834 1974 2056 2043 Lockii
2095 1996 2206 2045 seu
2247 1995 2394 2043 eam

382 2087 760 2167 doctrinam,
788 2109 931 2178 quae
953 2108 1177 2158 omnes
1204 2091 1448 2154 nostras
1475 2084 1864 2174 cognitiones
1890 2105 1931 2152 a
1964 2082 2249 2152 sensibus
2277 2082 2394 2150 de-

383 2201 545 2270 rivat
567 2252 584 2280 ,
618 2200 847 2270 ultimo
864 2201 1004 2290 jam
1032 2196 1244 2266 seculo
1269 2196 1355 2263 ita
1383 2194 1708 2263 evolutam
1734 2214 1864 2261 esse
1893 2244 1911 2272 ‚
1963 2197 2035 2260 ut
2083 2191 2290 2284 primo
2318 2191 2389 2258 in

382 2308 905 2377 materialismum
931 2310 994 2374 et
1020 2305 1168 2373 dein
1208 2302 1400 2373 etiam
1422 2302 1492 2369 in
1526 2299 1889 2383 absolutum
1920 2320 2065 2390 scep
2073 2298 2393 2367 ticismum

446 2513 517 2579 (1)
546 2510 725 2579 Rogari
745 2513 827 2563 hic
846 2514 1040 2575 posset,
1063 2510 1309 2573 quomodo
1328 2508 1461 2557 Dens
1480 2506 1629 2570 possit
1649 2519 1750 2556 esse
1773 2504 2096 2568 intelligibilis
2118 2503 2392 2553 secundum

381 2586 645 2648 possibilia.
687 2585 1008 2635 Consulamus
1047 2583 1155 2644 ejus
1189 2580 1476 2643 imaginem,
1515 2578 1791 2628 hominem.
1825 2575 2012 2638 Homo,
2045 2587 2095 2625 τ.
2120 2588 2170 2637 g.
2191 2573 2279 2636 qui
2303 2573 2398 2622 arti

381 2656 724 2720 horologia-ize
749 2658 834 2707 dat
853 2669 1076 2718 operam,
1116 2651 1342 2710 notiones
1364 2650 1615 2700 variorum
1635 2647 1899 2698 successive
1927 2643 2296 2707 horologiorum
2320 2646 2396 2693 to-
2425 2683 2428 2692 i

341 2771 350 2787 ,
382 2729 577 2791 tiusque
598 2741 773 2778 eorum
792 2728 1000 2777 internae
1021 2721 1394 2775 constructionis
1435 2720 1664 2782 acquirit.
1685 2718 1917 2767 Notiones
1940 2719 2103 2765 autem
2144 2716 2211 2764 sic
2232 2714 2400 2776 acqui-

347 2803 349 2806 ’
380 2801 498 2850 sitas
519 2800 797 2863 identificat,
822 2802 880 2849 ut
903 2800 974 2848 ita
999 2797 1175 2859 dicam,
1203 2809 1318 2845 cum
1337 2805 1441 2842 esse
1463 2791 1643 2841 animae
1674 2803 1772 2838 suae
1786 2826 1799 2851 ,
1844 2791 1895 2837 et
1924 2788 2091 2836 anima
2109 2786 2399 2835 notionibus

381 2871 488 2922 istis
506 2870 575 2919 sic
593 2870 828 2920 instructa
853 2871 911 2919 fit
927 2871 1080 2919 relate
1103 2868 1164 2917 ad
1184 2868 1271 2915 has
1292 2865 1519 2914 notiones
1567 2858 1883 2921 inteuigibilis
1913 2858 1997 2919 ita,
2020 2856 2198 2916 utine,
2216 2854 2301 2915 qui
2318 2867 2400 2902 eas

381 2943 608 2994 notiones
625 2941 792 3003 habet,
813 2942 945 2990 idem
965 2938 1209 3000 intelligat
1223 2937 1277 2985 in
1298 2949 1368 2997 se,
1392 2933 1526 2995 quod
1549 2933 1691 2988 alter,
1714 2930 1800 2991 qui
1820 2940 1901 2977 eas
1927 2927 2149 2976 notiones
2168 2925 2399 2973 nondum

268 3020 273 3028 ’
349 3027 355 3036 ”
381 3013 553 3073 habet,
575 3025 676 3061 non
696 3015 856 3075 posset
883 3010 1174 3072 intelligere,
1196 3006 1293 3056 nisi
1315 3018 1378 3055 ex
1397 3000 1662 3063 horologiis
1684 2998 1909 3047 exhibitis
1930 3000 1980 3045 et
2003 2996 2264 3057 diligenter
2283 3007 2398 3042 exa-

349 3079 353 3083 ’
378 3083 599 3133 minatis.
619 3083 698 3132 Sic
716 3081 939 3133 nostrum
958 3080 1184 3131 omnium
1200 3077 1367 3127 anima
1386 3076 1461 3124 est
1476 3068 1796 3133 intelligibilis
1824 3068 1986 3130 quoad
2005 3068 2194 3115 litteras
2215 3097 2232 3125 ,
2272 3064 2397 3135 quia

378 3155 564 3204 hamm
584 3152 1030 3217 intelligibilitatem
1051 3151 1193 3201 nobis
1211 3143 1604 3210 comparavimus
1630 3145 1682 3192 et
1717 3153 1833 3190 cum
1859 3138 2029 3189 anima
2052 3133 2224 3186 nostra
2257 3137 2402 3196 quas!

379 3225 810 3282 identifictvimus.
832 3224 945 3275 Jam
964 3237 1101 3283 vero,
1137 3220 1271 3284 quod
1294 3232 1384 3268 nos
1418 3214 1583 3280 quoad
1603 3225 1780 3276 paucas
1802 3210 2025 3260 notiones
2043 3210 2095 3256 et
2126 3205 2287 3255 solum
2314 3218 2403 3265 per
2486 3221 2488 3234 ι

371 3296 756 3363 acquisitionem
776 3297 1016 3347 habemus
1036 3297 1088 3343 et
1109 3293 1292 3343 habere
1314 3299 1574 3352 possumus
1589 3321 1604 3347 ‚
1631 3285 1725 3333 hoc
1740 3294 1829 3331 ens
1848 3276 2174 3329 realissimum
2200 3286 2264 3323 ex
2288 3273 2399 3335 ipsa.

381 3370 589 3422 notione
606 3368 697 3419 sna
715 3367 878 3430 quoad
910 3379 1080 3416 omnes
1120 3362 1346 3413 notiones
1379 3361 1432 3408 et
1461 3370 1552 3420 per
1582 3354 1846 3405 essentiam
1875 3351 2057 3401 habere
2080 3347 2243 3413 debet.
2273 3344 2403 3396 Nam
2447 3346 2455 3354 '

370 3441 519 3490 'certe
543 3452 630 3489 ens
652 3429 943 3488 notionibus
957 3435 1026 3485 sic
1045 3433 1340 3484 instructum
1359 3431 1435 3479 est
1462 3426 1738 3491 perfectius,
1752 3434 1903 3487 quam
1923 3433 2011 3469 ens
2033 3453 2051 3480 ‚
2069 3416 2201 3480 quod
2224 3417 2403 3477 poten-

378 3511 506 3561 tiam
533 3509 694 3561 solum
718 3510 870 3562 habet
903 3503 1189 3570 acquirendi
1208 3502 1469 3562 notiones3
1505 3501 1557 3548 ct
1574 3510 1664 3546 ens
1681 3533 1696 3557 ‚
1740 3493 1873 3557 quod
1893 3504 1995 3541 non
2016 3490 2207 3551 indiget
2227 3485 2398 3550 acqui-

378 3595 514 3643 rere,
535 3583 620 3634 sed
634 3582 692 3636 in
708 3578 922 3635 essentia
937 3577 1027 3628 sua
1046 3576 1196 3628 habet
1216 3576 1372 3624 totam
1394 3567 1850 3632 intelligibilitatem
1866 3562 2092 3613 omnium
2109 3572 2301 3622 rerum,
2322 3562 2402 3611 est

379 3664 642 3730 perfectius
659 3666 712 3715 et
741 3662 853 3727 plus
871 3672 977 3711 esse
997 3659 1051 3708 et
1073 3654 1308 3707 realitatis
1328 3650 1478 3700 habet
1491 3683 1512 3712 ,
1533 3659 1688 3711 quam
1703 3655 1791 3696 ens
1807 3677 1826 3706 ,
1865 3642 1998 3705 quod
2020 3639 2207 3703 indiget
2228 3636 2400 3701 acqui-

378 3753 527 3810 ret-03
546 3756 668 3809 ergo
695 3754 786 3793 ens
813 3738 1164 3800 realissimum,
1193 3735 1366 3798 utpote
1382 3742 1557 3783 omnes
1583 3739 1689 3779 esse
1717 3733 2013 3788 omnemque
2030 3721 2305 3794 realitatem
2332 3728 2398 3772 ex

369 3815 491 3882 apa
517 3815 718 3939 nonque
748 3812 841 3938 {¹¹1⁸
866 3812 923 3874 in
947 3825 1001 3876 se
1021 3809 1342 3884 complectens
1361 3802 1551 3875 etipsa
1570 3798 1771 3870 notione
1794 3793 1917 3866 sut,
1940 3797 2014 3855 est
2036 3793 2189 3853 etiam
2211 3803 2395 3853 neceas

381 3889 510 3943 tario
539 3888 640 3944 inte
660 3885 747 3956 ligi
781 3886 862 3942 ie·

394 4017 472 4069 st,
