2988 4832
1605 417 1739 493 398

649 539 983 636 hypothesi
1016 540 1385 627 creationis,
1442 563 1558 619 seu
1601 543 1676 619 in
1703 540 2098 648 hvpothesi‚
2107 534 2500 621 ahsolutum
2549 543 2682 645 pro*

651 658 923 725 termino
947 655 1222 745 exercitii
1249 653 1552 727 libertatis
1574 653 1835 753 elegisse
1860 651 2227 731 mundum.
2256 652 2661 734 ahsolutum,

650 767 865 874 utpote
910 738 1158 845 infinite
1199 763 1485 889 sapienS‚
1526 764 1878 839 necessario
1921 761 2118 829 finem
2165 767 2301 828 tam
2348 761 2473 826 sibi
2523 784 2559 826 ο
2596 786 2668 826 e-

650 866 856 961 renti,
897 890 1096 960 quam
1124 871 1299 958 operi
1323 872 1511 938 volito
1539 871 1930 960 praestituere
1959 867 2168 935 debet.
2203 864 2432 936 Porro·

735 1022 851 1107 122
893 1016 1082 1105 Finis
1106 1036 1415 1114 operantis
1442 1023 1630 1095 debet
1656 1043 1788 1095 esse
1821 1020 1964 1092 talis
1983 1074 2002 1101 ,
2038 1022 2152 1115 qui
2178 1020 2407 1114 attingi
2433 1023 2668 1115 possit,

649 1132 1112 1224 qualiscunque
1141 1133 1456 1216 terminus
1488 1132 1752 1217 actionis
1794 1130 2065 1223 eligatur
2086 1182 2103 1207 ,
2147 1128 2194 1197 i.
2235 1151 2297 1198 e.
2354 1131 2472 1219 qui
2501 1153 2674 1201 crea·-

649 1243 822 1322 tione
859 1263 1043 1332 mque
1058 1246 1059 1249 ’
1077 1258 1155 1315 ac
1189 1239 1685 1310 non—creatione
1722 1235 2081 1313 obtineatur
2128 1261 2145 1305 :
2201 1240 2298 1304 ast
2339 1237 2487 1307 talis
2524 1238 2674 1309 finis

652 1350 812 1431 alius
834 1371 967 1429 esse
995 1347 1255 1439 nequit,
1291 1369 1489 1439 quam
1512 1348 1726 1438 ipsum
1761 1345 2130 1416 exercitium
2156 1343 2463 1417 libertatis
2482 1396 2502 1424 ,
2538 1345 2669 1415 ab-

652 1452 1010 1548 solutoque
1037 1455 1585 1547 complementum
1606 1452 2029 1525 infinitudinis
2052 1474 2167 1522 seu
2189 1450 2410 1547 gloriae
2433 1452 2673 1523 intrin-

650 1565 1105 1643 seeaeomnino
1136 1563 1588 1645 necessarium.
1617 1561 1702 1630 Et
1732 1584 1909 1633 vero.

683 1754 698 1767 ,
736 1685 921 1758 Finis
951 1701 1323 1779 semperest
1355 1689 1608 1757 bonum
1635 1687 1892 1778 aliquod
1918 1687 2258 1780 appetibile
2290 1713 2309 1758 .·.
2351 1687 2532 1779 atqui
2559 1688 2671 1756 ab·

653 1797 935 1868 solutum
965 1814 1178 1887 neque
1205 1802 1380 1865 extra
1407 1817 1474 1865 se
1503 1796 1752 1864 bonum
1798 1796 2056 1886 aliquod
2093 1799 2389 1888 appetere
2421 1801 2629 1887 potest
2647 1849 2666 1875 ‚

530 1898 535 1904 ’
653 1910 869 1998 utpote
900 1905 1189 1975 absolute
1210 1904 1460 1974 bonum
1491 1905 1659 1972 inse
1695 1908 1760 1972 et
1791 1903 2161 1975 omnimode
2187 1893 2629 1995 independens
2648 1900 2690 1984 3²

655 2035 867 2104 neque
908 2014 1079 2108 intra
1125 2033 1194 2082 se
1243 2011 1418 2081 aliud
1443 2064 1460 2090 ‚
1514 2010 1688 2100 quod
1736 2010 1997 2101 quidem
2030 2011 2352 2083 creatione
2397 2009 2667 2087 obtineri

653 2122 848 2213 possit
863 2172 883 2202 ,
928 2121 1051 2191 nisi
1078 2121 1289 2211 ipsum
1319 2118 1688 2189 exercitium
1713 2116 2057 2198 libertatis3
2108 2139 2264 2208 ergo
2308 2118 2436 2194 hoo
2482 2141 2671 2195 exer-

658 2233 879 2303 citium
906 2235 1001 2302 est
1028 2228 1203 2299 solus
1231 2227 1379 2297 finis
1405 2226 1726 2318 operantis
1755 2224 1870 2316 (1).

700 2489 705 2492 Ἦ
747 2391 863 2463 13.’
905 2392 1089 2466 Finis
1128 2390 1326 2482 operis
1368 2392 1587 2458 autem
1628 2391 1722 2455 est
1766 2389 2117 2458 necessario
2140 2388 2367 2489 ‘gloria
2425 2391 2668 2459 extrin-

656 2523 798 2580 seca
825 2501 908 2592 (2)
949 2521 1064 2571 seu
1107 2497 1529 2568 manifestatio
1575 2495 1942 2563 divinarum
1970 2497 2434 2586 perfectionum
2466 2501 2537 2570 in
2568 2500 2668 2567 de-

655 2608 992 2676 terminato
1031 2605 1258 2696 gradu.
1293 2602 1465 2670 Nam
1491 2602 1885 2683 absolutum,
1921 2603 2050 2693 qua
2080 2604 2370 2673 absoluta
2399 2606 2666 2685 bonitaS,

548 2719 551 2720 ⁷
657 2737 794 2785 non
822 2718 1021 2806 potest
1049 2733 1263 2786 creare
1286 2761 1303 2789 ,
1345 2710 1505 2799 quin
1536 2712 1890 2778 manifestet
1914 2717 2085 2780 certo
2115 2714 2319 2802 gradu
2349 2736 2531 2782 suam
2560 2716 2666 2783 bo-

658 2824 923 2893 nitatem
942 2873 960 2904 ,
1014 2822 1062 2889 i.
1124 2842 1184 2888 e.
1235 2819 1759 2912 omnipotentiam
1776 2872 1792 2897 ‚
1848 2818 2334 2912 intelligentiam
2361 2874 2376 2899 ,
2418 2826 2667 2912 sapien-

657 2934 809 3003 tiam
827 2984 848 3016 ,
879 2929 1344 3028 providentiam
1372 2933 1562 3018 atque
1586 2928 1832 3017 reliqua
1856 2928 2198 2999 attributa:
2236 2936 2298 2998 et
2336 2932 2466 3021 qua
2493 2932 2668 3000 abso-

655 3042 792 3116 tuta
823 3041 1120 3115 sanctitas
1146 3043 1223 3107 ut
1259 3036 1667 3105 essentialiter
1708 3056 1932 3103 amans
1977 3036 2270 3104 ordinem
2294 3088 2315 3117 ‚
2364 3059 2501 3106 non
2544 3060 2671 3129 po-

656 3155 776 3236 test
812 3169 948 3220 non
988 3145 1157 3217 velle
1174 3196 1191 3222 ,
1235 3149 1309 3210 ut
1342 3164 1445 3210 res
1483 3147 1708 3210 creatae
1752 3164 1870 3232 pro
1906 3143 2022 3210 sua
2064 3144 2332 3233 singulae
2387 3147 2618 3214 natura
2645 3198 2662 3223 ,

655 3253 1045 3338 irrationales
1075 3252 1310 3320 scilicet
1337 3251 1550 3318 solum·
1591 3250 2025 3329 manifestent,
2073 3251 2409 3320 rationales
2440 3260 2502 3319 et
2528 3276 2666 3320 ma-

659 3364 954 3436 nifestent
973 3365 1036 3431 et
1057 3360 1185 3428 sive
1208 3359 1276 3426 in
1305 3380 1370 3426 se
1398 3359 1530 3427 sive
1550 3359 1620 3425 in
1644 3359 1779 3427 aliis
1803 3358 2231 3427 manifestatas
2258 3361 2503 3428 divinas
2530 3384 2667 3451 per·

416 3517 421 3526 -
548 3462 553 3467 ’
658 3470 957 3559 sectiones
977 3472 1364 3562 agnoscant,
1392 3467 1789 3540 admirentur
1813 3518 1832 3550 ,
1868 3473 2090 3546 ament
2110 3520 2129 3552 .
2165 3474 2357 3559 atque
2380 3464 2507 3544 ‘11³0
2535 3470 2666 3564 ipsa

720 3693 792 3768 (1)
826 3692 1039 3752 cermel,
1063 3695 1193 3750 sect.
1213 3693 1302 3745 111.
1325 3692 1443 3756 Cap.
1464 3695 1510 3742 1.
1539 3692 1687 3756 Prop.
1725 3696 1781 3746 1⁸
1781 3706 1841 3748 m.
1863 3695 1985 3762 Pag-
2011 3697 2098 3752 84.”

723 3773 793 3840 (2)
825 3774 919 3837 Qui
921 3775 953 3824 d
975 3789 1062 3840 per
1091 3774 1299 3841 gloriam
1329 3774 1371 3823 si
1374 3788 1429 3823 ve
1470 3774 1596 3823 extri
1555 3788 1796 3830 rinsecam
1833 3776 1934 3837 sive
1966 3776 2284 3842 intrinsecam
2307 3777 2472 3839 intelli
2457 3792 2658 3850 1gamus,

664 3847 858 3910 consule
877 3846 1090 3904 cosmoe.
1114 3847 1240 3906 sect
1262 3846 1346 3905 111
1366 3846 1508 3908 initio
1532 3846 1656 3919 Peg
1686 3851 1765 3909 83.
