2988 4832
1732 527 1866 599 352

810 679 944 731 non
977 655 1341 752 agendissita
1368 676 1502 726 esse
1523 660 1742 748 potest,
1779 655 1889 724 sed
1917 654 2168 723 libertas
2194 656 2317 722 Dei
2332 657 2450 735 sita
2477 661 2571 726 est
2591 655 2662 725 in
2693 679 2788 736 eo.

744 820 745 823 ,
794 744 976 860 ,quod
1007 771 1152 835 actu
1182 787 1296 833 suo
1323 763 1514 832 unico
1560 766 1624 830 et
1664 760 2014 830 necessario
2042 759 2125 829 ab
2151 764 2389 831 aeterno
2412 762 2651 853 aliquid
2675 785 2793 834 ex-

803 875 1152 945 trinsecum
1174 872 1367 963 possit
1385 871 1551 939 velle
1572 869 1679 938 vel
1700 867 1895 946 nolle,
1929 866 2095 937 velle
2119 867 2245 937 hoe
2265 869 2371 938 vel
2390 869 2579 939 illud.
2624 869 2795 942 Unde

803 989 980 1053 actus
1001 983 1113 1051 iste
1132 977 1273 1058 Dei,
1308 979 1362 1048 si
1388 978 1602 1048 Deum
1625 999 1743 1070 pro
1762 977 2039 1046 termino
2059 975 2275 1056 habet,
2309 977 2356 1046 i.
2377 1000 2441 1049 e.
2473 980 2614 1069 ejus
2636 1001 2795 1049 amo-

805 1109 946 1157 rem
965 1087 1063 1156 sui
1083 1137 1101 1166 ‚
1124 1086 1516 1154 existentiam
1535 1134 1557 1164 ,
1600 1084 2067 1176 'cognitionem,
2107 1084 2477 1154 exercitium
2507 1085 2794 1158 libertatis

804 1199 925 1263 etc.
956 1245 975 1274 ,
1009 1200 1184 1262 actus
1221 1193 1308 1260 ad
1341 1195 1562 1272 intra3
1601 1192 1655 1260 si
1678 1195 1995 1260 creaturas
2021 1243 2037 1271 ‚
2079 1191 2127 1261 i.
2164 1214 2228 1261 e.
2269 1213 2496 1265 earum
2546 1195 2791 1263 creatio-

804 1323 958 1370 nem
982 1353 1000 1382 ‚
1027 1304 1335 1393 majorem
1356 1299 1457 1370 vel
1489 1301 1813 1370 minorem
1832 1300 2288 1392 perfectionem
2321 1308 2445 1370 ete.
2480 1324 2600 1393 pro
2621 1304 2793 1374 termi

803 1430 891 1481 no
931 1407 1123 1521 hebet
1138 1458 1156 1487 ‚
1187 1414 1364 1478 actus
1387 1409 1473 1478 ad
1501 1420 1685 1477 extra
1719 1413 2005 1479 vocatur.
2048 1405 2166 1478 His
2189 1409 2531 1500 praemissis
2553 1408 2634 1478 sit
2670 1434 2691 1479 ε

901 1573 1052 1643 154.
1076 1571 1318 1643 PROP.
1348 1571 1401 1641 1.
1427 1571 1596 1642 Deus
1620 1594 1683 1641 m
1702 1594 1854 1642 oum
1876 1593 2032 1641 Acro
2052 1593 2159 1641 κεἰ·
2180 1594 2355 1641 menn
2372 1596 2416 1642 A
2447 1596 2790 1646 com-noun.

889 1683 1082 1751 Proh.
1113 1682 1177 1750 1⁰
1205 1679 1377 1749 Deus
1400 1679 1465 1748 vi
1483 1681 1766 1749 essentiae
1788 1684 1880 1748 est
1913 1679 2197 1751 absolute
2224 1679 2666 1772 independens
2686 1684 2789 1775 (1);

802 1811 956 1879 ergo
985 1810 1024 1857 a
1060 1788 1241 1856 nulla
1274 1787 1340 1856 vi
1358 1787 1623 1856 externa
1647 1789 1790 1874 cogi
1824 1791 2051 1878 potest.

800 1968 803 1971 -
895 1925 962 1993 2·-
1005 1910 1340 2018 Repugnat
1385 1926 1457 1995 in
1493 1928 1781 1996 terminis
1816 1981 1832 2006 ‚
1876 1932 1950 1994 ut
1998 1926 2289 1996 voluntas
2332 1927 2467 1996 ulla
2519 1938 2793 2023 cogatur.

802 2029 870 2099 Si
907 2032 1080 2100 enim
1129 2039 1459 2124 cogeretur
1483 2084 1502 2113 ‚
1558 2035 1743 2103 vellet
1775 2034 1967 2102 simul
2006 2034 2178 2103 idem
2206 2041 2267 2102 et
2297 2038 2496 2106 nollet
2521 2040 2644 2107 sub
2695 2064 2796 2109 eo-

803 2140 954 2208 dem
993 2147 1319 2232 respectu3
1352 2143 1525 2210 vellet
1544 2194 1560 2221 ‚
1592 2141 1906 2232 siquidem
1943 2147 2420 2233 extorqueretur
2449 2145 2650 2238 ipsius
2689 2171 2796 2215 ac-

801 2251 902 2341 tus
922 2299 938 2327 ‚
984 2248 1254 2338 quiesse
1276 2249 1498 2340 nequit
1538 2249 1663 2318 nisi
1689 2250 1902 2340 aliqua
1928 2249 2187 2332 voliti03
2234 2254 2420 2322 nollet
2440 2305 2458 2334 ‚
2494 2255 2794 2347 siquidem

776 2356 919 2448 ipsi
946 2356 1040 2427 vis
1077 2356 1419 2429 inferretur
1454 2379 1536 2427 ex
1573 2357 1955 2452 hypothesi3
1988 2379 2243 2449 ergo.

894 2529 1044 2609 155.
1089 2529 1332 2599 PROP.
1367 2530 1447 2600 11.
1486 2530 1658 2602 Dnus
1701 2555 1762 2601 m
1809 2556 2053 2604 Aemus
2085 2558 2168 2605 An
2197 2557 2382 2606 mnu
2425 2557 2546 2607 non
2574 2558 2681 2606 κει·
2705 2558 2791 2604 ιι·-

801 2656 920 2734 nmt
961 2657 1005 2704 A
1047 2658 1460 2708 recessuum

887 2802 1079 2873 Proh.
1128 2803 1195 2872 1⁰
1231 2804 1314 2873 In
1347 2829 1580 2895 qmwre.
1605 2807 1805 2880 Actus
1820 2810 1959 2902 {Dei
1983 2812 2071 2880 ad
2104 2814 2279 2881 intra
2307 2818 2402 2883 est
2423 2813 2560 2906 ipsa
2588 2835 2795 2883 essen-

796 2908 881 2978 tia
909 2933 923 2974 ε
959 2912 1132 3002 atqui
1161 2917 1426 2985 essentia
1447 2923 1541 2986 est
1570 2921 1956 3001 neeessaria3
1991 2943 2143 3014 ergo
2176 2929 2241 2990 et
2286 2926 2464 2991 actus
2509 2922 2794 2991 internus

797 3017 1025 3088 divinae
1063 3021 1402 3091 voluntatis
1439 3015 1533 3092 est
1577 3029 1991 3098 necessarius,

882 3152 1073 3221 Proh.
1099 3150 1169 3220 2⁰
1196 3154 1278 3220 In
1307 3155 1501 3244 'specie
1514 3180 1634 3247 pro
1655 3183 1856 3228 amore
1907 3162 2033 3233 sui.
2082 3160 2421 3254 objectum
2460 3163 2798 3235 voluntatis

794 3263 888 3326 est
928 3257 1178 3326 bonum
1218 3262 1288 3328 in
1334 3284 1567 3353 genere
1603 3292 1621 3346 ;
1664 3266 1827 3358 {ergo
1876 3269 1931 3338 si
1970 3270 2218 3339 bonum
2251 3272 2329 3340 sit
2367 3263 2696 3342 infinitum
2739 3276 2796 3339 et

794 3364 1087 3434 voluntas
1113 3368 1412 3457 perfecta,
1449 3371 1743 3442 voluntas
1771 3383 2099 3447 necessario
2117 3381 2188 3447 in
2210 3380 2532 3471 objectum
2555 3382 2796 3448 fertur:

795 3473 968 3562 atqui
988 3472 1158 3542 Deus
1182 3482 1275 3544 est
1312 3476 1560 3547 honum
1582 3482 1907 3553 infinitum
1944 3489 1999 3577 ej
2009 3509 2207 3578 usque
2230 3487 2526 3555 voluntas
2551 3487 2794 3579 perfec-

795 3583 1072 3666 tissimam
1101 3605 1253 3674 ergo
1281 3591 1456 3654 actus
1499 3588 1729 3661 divinae
1751 3593 2088 3684 voluntatis
2116 3617 2250 3664 non
2284 3600 2488 3686 potest
2516 3616 2650 3663 non
2674 3617 2798 3663 ne-

796 3692 1059 3761 cessario
1110 3691 1260 3761 ferri
1296 3694 1368 3762 in
1413 3693 1627 3769 Deum
1653 3705 1725 3769 ut
1754 3722 2082 3777 summum
2134 3703 2385 3777 bonum
2413 3705 2790 3780 amandum.

753 3949 759 3954 ·
824 3905 832 3916 “
862 3933 928 4005 (1)
965 3936 1136 3994 Theod.
1156 3942 1371 3997 Sect.11.
1394 3944 1511 4010 Cap.
1541 3950 1587 4000 2.
1610 3948 1728 4024 Pog.
1761 3954 1867 4004 310.
