2988 4832
276 660 279 663 ,
326 586 652 681 producat,
687 583 839 655 huic
862 606 995 657 esse
1023 587 1368 657 immediate
1390 566 1905 677 proes‘miffinti
1928 601 2124 658 omne
2147 600 2346 677 agens
2438 591 2443 592 ⁷

324 697 662 790 physicum
688 695 937 765 effectui
961 718 1097 775 suo,
1134 719 1199 765 v.
1227 719 1295 788 g.
1337 695 1526 786 ignis,
1562 699 1637 762 ut
1658 699 1824 762 urat.
1854 693 2049 786 Ergo,
2080 692 2195 763 ubi
2230 717 2347 761 vo·-

326 805 467 871 litio
488 806 619 884 sola
640 808 733 873 est
751 806 918 871 ratio
937 806 1243 893 sufficiens
1264 806 1580 892 proxima,
1615 801 1808 871 etiam
1837 801 1977 872 haeo
2005 802 2348 870 immediate

329 917 395 979 et
418 912 902 980 substantialiter
912 895 1180 1002 praeseas
1201 912 1281 979 sit
1300 916 1544 1002 oportet
1568 909 1679 1000 (1).

409 1054 464 1147 c)
522 1056 878 1125 Volitionem
900 1059 1073 1148 juxta
1098 1057 1304 1128 illud:
1333 1058 1518 1127 Nihil
1543 1058 1824 1138 volitum,
1855 1059 1989 1138 nisi
1999 1057 2347 1147 proecoqni-
2402 1067 2408 1078 ·

324 1175 456 1230 tum
477 1187 500 1231 .-
522 1166 767 1254 operari
806 1168 1113 1254 coquitam
1150 1189 1263 1236 seu
1298 1167 1561 1235 tendere
1593 1167 1666 1236 in
1697 1166 2020 1257 objectum
2055 1165 2350 1234 efficien-

324 1273 514 1352 dum‚·
543 1279 746 1366 prout¹
772 1273 854 1341 ab
902 1274 1225 1344 intellectu
1272 1275 1775 1365 apprehenditur
1805 1301 1822 1342 ε
1856 1279 1953 1343 ast
1984 1273 2346 1343 intellectus

326 1382 406 1449 ad
429 1381 749 1471 objectum
778 1382 1034 1473 aliquod
1065 1384 1152 1451 ita
1187 1405 1253 1451 se
1281 1382 1473 1451 habet
1487 1433 1505 1461 ‚
1548 1388 1780 1450 utana
1807 1385 2119 1469 eademque
2148 1384 2347 1448 intel-

327 1492 497 1557 lectio
532 1495 596 1558 et
629 1489 910 1582 singulas
935 1492 1162 1581 objecti
1197 1492 1384 1559 totius
1419 1495 1631 1580 partes
1668 1494 1735 1556 et
1769 1493 1978 1556 totum
2021 1488 2346 1578 ohJectum

325 1600 518 1668 simul
547 1600 1023 1692 apprehendat:
1052 1623 1205 1691 ergo
1223 1606 1295 1668 -et
1329 1600 1564 1678 υοῑίιίο,
1605 1598 1660 1666 si
1686 1598 1823 1688 ipsa
1858 1595 1994 1665 sola
2032 1601 2135 1664 est*
2158 1618 2349 1667 causa

325 1707 605 1775 efficiens
630 1710 915 1799 proxima
930 1761 946 1787 ‚
997 1732 1126 1775 una
1153 1710 1471 1796 eademque
1507 1712 1571 1774 et
1607 1704 1892 1795 singulas
1919 1704 2109 1771 totius
2137 1712 2348 1795 partes

261 1857 268 1865 -
322 1820 388 1883 et
414 1816 606 1883 simul
626 1821 830 1886 totum
863 1817 1256 1908 operabitur,
1288 1817 1576 1908 adeoque
1611 1824 1671 1883 et
1704 1822 1836 1880 tota
1871 1814 1994 1878 erit
2033 1814 2106 1879 in
2139 1825 2261 1881 toto
2288 1826 2349 1879 et

322 1935 456 1991 tota
480 1925 666 1991 simul
684 1927 757 1992 in
777 1926 1041 2016 singulis
1060 1926 1342 2017 partibus,
1365 1920 1477 2016 (2).

315 2161 322 2168 -
381 2128 455 2196 (1)
487 2129 682 2182 Scilicet
709 2131 845 2184 aliud
865 2135 967 2195 est,
990 2130 1177 2195 aliquid
1198 2144 1348 2196 aqere
1366 2129 1438 2179 ad
1456 2129 1726 2196 imperium
1745 2128 2028 2195 voluntatis,
2057 2129 2193 2180 aliud
2216 2130 2340 2181 volu

322 2204 505 2254 tionem
540 2205 702 2268 ipsam
733 2204 1018 2253 immediate
1042 2204 1266 2269 effectum
1282 2200 1574 2266 producere.
1618 2203 1695 2251 Ita
1735 2215 1787 2252 v,
1810 2216 1860 2264 g.
1883 2200 2024 2265 volo,
2063 2204 2119 2249 ut
2151 2200 2344 2265 liquant

312 2274 637 2325 ’comburatur
652 2312 669 2339 ,
707 2276 789 2325 vel
803 2274 927 2324 hunc
940 2288 1137 2324 sensum
1157 2275 1324 2332 habet,
1345 2271 1478 2333 volo,
1499 2274 1558 2321 ut
1574 2272 1771 2335 lignum
1793 2272 1920 2321 illud
1942 2272 2263 2321 comburatur
2282 2284 2345 2324 ex

321 2360 397 2408 ae,
412 2345 449 2397 i.
468 2359 514 2397 e.
538 2346 816 2395 evolutione
839 2345 1027 2409 proprii
1053 2344 1238 2394 interni
1258 2343 1472 2405 calorici,
1488 2348 1578 2392 aut
1602 2346 1661 2391 ut
1678 2342 1814 2393 aliud
1844 2356 2013 2406 agens,
2034 2351 2102 2397 zv·
2123 2358 2174 2406 g.
2195 2343 2346 2405 ignis,

321 2416 381 2468 in
399 2418 524 2469 illud
543 2421 654 2482 agat
682 2418 903 2481 illudque
920 2419 1130 2468 resolvat
1147 2415 1203 2465 in
1219 2415 1405 2465 cineres
1421 2430 1437 2478 ;
1473 2419 1525 2464 et
1545 2415 1599 2464 in
1616 2416 1824 2479 utroque
1839 2411 1927 2464 Ῑιοσ
1950 2427 2069 2464 casu
2088 2429 2190 2466 non
2216 2415 2347 2465 voli·

317 2488 394 2538 tio
409 2488 517 2551 ipsa
539 2489 822 2557 immediate
842 2491 1072 2539 effectum
1091 2487 1401 2551 produceret,
1421 2487 1508 2537 sed
1539 2487 1674 2536 aliud
1704 2501 1856 2551 agens
1877 2488 1942 2538 ad
1962 2487 2235 2550 imperium
2255 2502 2346 2538 vo-

309 2559 525 2629 ¹luntatis
548 2573 564 2610 ι
586 2560 667 2611 vel
692 2558 833 2611 habet
850 2560 975 2613 hunc
996 2574 1198 2610 sensum
1214 2573 1233 2608 .·
1254 2560 1383 2624 volo,
1411 2561 1469 2607 ut
1498 2560 1603 2608 sola
1632 2572 1746 2609 mea
1765 2559 1936 2609 volitio
1960 2561 2097 2610 hunc
2117 2561 2347 2613 effectum

321 2632 678 2682 combustionis
709 2635 963 2696 producat,
1012 2634 1152 2683 nullo
1194 2632 1292 2682 alio
1332 2634 1509 2694 agente
1550 2631 1880 2695 intermedi03
1914 2634 1966 2684 et
2004 2636 2116 2682 tum
2155 2632 2346 2697 utique,

318 2704 761 2768 quemadmodum,
788 2709 846 2756 ut
873 2706 1001 2769 ignis
1021 2706 1252 2755 effectum
1271 2703 1621 2753 combustionis
1647 2704 1899 2765 producat,
1925 2718 2121 2756 necesse
2142 2708 2216 2755 est
2236 2741 2254 2768 ‚
2289 2709 2350 2757 ut

318 2775 451 2836 ²811ss
471 2776 751 2826 immediate
768 2780 817 2830 et
830 2775 1217 2826 substantialiter
1245 2788 1458 2836 praesens
1488 2774 1552 2824 sit
1580 2774 1772 2834 objecto
1794 2776 2149 2836 comburendo,
2171 2777 2245 2826 ita
2265 2812 2282 2836 ‚
2303 2776 2348 2827 si

318 2846 490 2897 volitio
510 2848 743 2910 fungatur
759 2848 865 2897 vice
884 2848 1011 2909 ignis
1027 2881 1044 2909 ,
1067 2858 1207 2908 aeque
1227 2858 1421 2895 necesse
1443 2849 1532 2909 est,
1558 2848 1617 2895 ut
1636 2844 1811 2896 volitio
1831 2844 2116 2894 immediate
2147 2849 2196 2895 et
2225 2847 2346 2897 aab·

321 2919 627 2969 stantzaliter
643 2933 866 2984 proesens
882 2920 963 2969 sit.

382 2989 498 3040 Jam
519 3002 636 3040 vero
666 2991 720 3040 in
751 2989 998 3039 creatione
1034 2991 1232 3039 nullum
1262 2992 1337 3039 est
1365 3002 1460 3038 nec
1502 2988 1781 3050 subjectum
1809 2990 2057 3039 actionem
2100 2991 2348 3053 recipiens

324 3074 421 3112 nec
440 3061 575 3112 aliud
593 3075 742 3126 agens
774 3063 953 3123 praeter
989 3060 1153 3110 Deum
1176 3074 1189 3108 :
1215 3073 1333 3124 ergo
1359 3073 1553 3109 neccsse
1576 3063 1666 3122 est,
1708 3063 1766 3108 ut
1787 3061 1952 3110 volitio
1971 3061 2141 3110 divina
2164 3061 2228 3110 sit
2248 3061 2347 3110 im-

322 3133 541 3185 mediate
561 3137 613 3185 et
632 3132 1014 3185 substantialiter
1053 3145 1268 3198 praesens
1295 3131 1503 3195 singulis
1541 3135 1594 3182 et
1634 3132 1783 3182 rebus
1816 3135 1870 3183 et
1898 3145 2070 3183 rerum
2102 3133 2342 3197 partibus,

329 3218 453 3266 quas
475 3208 627 3256 creat.
1513 3229 1517 3233 ·

390 3275 459 3342 (2)
492 3277 587 3341 Sic,
622 3281 1067 3347 quemadmodum,
1090 3282 1133 3332 si
1166 3281 1457 3332 architectus
1492 3278 1788 3343 completam
1822 3281 1874 3330 et
1891 3280 2171 3330 distinctam
2189 3279 2345 3328 habet

327 3345 492 3398 ideam
512 3349 717 3412 alicujus
737 3354 923 3416 palatii,
944 3368 1047 3403 non
1068 3353 1171 3404 una
1200 3356 1341 3416 parte
1378 3353 1727 3402 intellectionis
1756 3353 1886 3403 hanc
1923 3351 2098 3414 palatii
2131 3353 2341 3414 partem,

327 3419 485 3470 altera
507 3425 644 3483 parte
663 3423 818 3485 illam,
841 3427 893 3474 et
912 3439 1085 3475 rursus
1107 3425 1264 3476 altera
1285 3427 1444 3474 totum
1465 3425 1704 3486 palatium
1725 3423 2068 3486 apprehendit,
2089 3423 2175 3473 sed
2196 3421 2348 3473 unica

325 3490 440 3540 idea
459 3495 510 3540 et
531 3492 747 3556 singulas
766 3496 933 3558 palatii
953 3500 1117 3559 partes
1132 3500 1184 3547 et
1204 3496 1356 3546 simul
1371 3499 1532 3546 totum
1551 3494 1790 3559 palatium
1819 3493 2049 3558 attingit:
2074 3494 2145 3543 ita
2166 3507 2198 3544 a
2217 3493 2345 3555 pari,

325 3561 369 3611 si
392 3563 681 3616 architectus
700 3566 792 3616 iste
815 3567 920 3618 sola
934 3568 1166 3618 volitione
1187 3571 1246 3619 ut
1264 3567 1554 3619 immediate
1574 3570 1752 3630 agente
1779 3569 2062 3615 construere
2083 3567 2242 3627 posset
2262 3578 2349 3628 pa-

324 3632 524 3698 latIum,
538 3650 641 3687 non
660 3651 762 3688 una
781 3652 893 3701 pars
914 3639 1161 3689 volitionis
1179 3641 1310 3689 hanc
1322 3642 1514 3703 partem
1535 3638 1739 3702 palatii,
1776 3639 1932 3687 altera
1948 3639 2086 3688 illam
2105 3641 2157 3686 et
2176 3651 2346 3688 rursus

331 3704 486 3753 altera
502 3709 663 3758 totum
684 3710 924 3772 palatium
943 3711 1132 3773 agendo
1152 3711 1403 3767 efficeret.
1435 3711 1523 3760 sed
1542 3724 1644 3759 una
1680 3707 1951 3772 eademque
1985 3709 2151 3759 volitio
2172 3713 2223 3760 et
2239 3709 2342 3759 siu-

331 3775 472 3834 gulas
492 3778 661 3839 palatii
681 3784 844 3841 partes
872 3784 923 3832 et
950 3782 1100 3832 simul
1120 3785 1283 3833 totum
1316 3783 1557 3844 palatium
1577 3784 1867 3843 operaretur
1881 3815 1900 3844 ‚
1937 3782 2121 3832 etcum
2141 3780 2204 3832 ad
2225 3794 2343 3843 ope-

252 3857 255 3859 *
332 3844 551 3896 randum
568 3851 837 3912 requiritur
868 3853 1117 3916 operantis
1141 3853 1429 3905 immediata
1454 3857 1507 3905 et
1548 3852 1880 3903 substantialis
1913 3852 2202 3916 praesentia,
2242 3866 2310 3902 un

332 3916 601 3982 eademque
622 3930 972 3987 consequenter
990 3927 1159 3976 volitio
1196 3930 1248 3978 et
1266 3930 1371 3979 tota
1401 3928 1531 3982 esset
1555 3925 1972 3989 substantialiter
1957 3939 2012 3976 m
2030 3928 2132 3976 1020
2163 3924 2307 3989 palssb

334 3991 385 4038 ct
403 3987 551 4041 simul
570 3992 705 4049 tota
691 4007 744 4047 ιιι
763 3994 964 4060 singulis
988 3998 1158 4064 palatii
1179 3999 1418 4062 partibus.

957 4140 1018 4156 -.
