2988 4832
2263 434 2312 459 ⁸-

358 585 583 656 bitium
637 582 922 676 acquirat
965 580 1391 663 sensationem
1426 610 1446 654 z
1491 603 1572 656 ex
1604 582 1805 658 altera
1842 587 2019 678 parte
2074 579 2372 675 praeditus

359 701 451 775 est
476 690 800 764 intellectu
844 696 909 761 et
940 694 1266 763 voluntate
1294 743 1313 772 ‚
1358 693 1541 784 cujus
1584 692 1965 783 primarium
1996 688 2316 783 objectum
2345 741 2363 771 ,

359 799 488 893 qua
528 798 707 868 radix
746 798 1164 922 possibilitatis
1204 798 1415 869 omnis
1465 797 1844 931 cognitionis
1888 802 1952 868 et
2001 791 2366 874 volitionts,

356 915 469 977 est
483 905 831 978 necessario
859 904 1077 986 Deus,
1124 926 1240 998 per
1283 907 1497 975 ideam
1539 935 1636 972 του
1602 919 1800 976 *sessa
1827 905 2197 996 simpliciter
2242 905 2374 974 sive

357 1015 480 1088 suh
500 1008 811 1115 ‘respectu
850 1015 1020 1093 veri,
1072 1016 1204 1084 sive
1255 1014 1376 1083 sub
1415 1015 1705 1106 respectu
1758 1012 1916 1082 boni
1962 1011 2370 1102 simpliciter,

359 1121 661 1216 implicite
705 1126 1041 1213 perceptus
1074 1119 1213 1213 (1).
1262 1126 1334 1191 ut
1371 1120 1530 1191 adeo
1577 1121 1721 1190 idea
1742 1114 1864 1203 Dei
1889 1119 2192 1212 implicite
2218 1138 2381 1214 per-

362 1235 542 1322 cepta
560 1227 641 1299 sit
662 1228 913 1298 homini
937 1248 1167 1300 norma
1185 1234 1249 1299 et
1275 1231 1698 1320 principium,
1735 1234 1866 1297 tam
1886 1246 2146 1307 verum,
2182 1243 2380 1317 quam

361 1337 610 1408 bonum
650 1340 714 1405 et
756 1337 1003 1426 justum
1018 1387 1036 1413 .
1089 1357 1439 1426 omnesque
1482 1335 1902 1426 perfectiones
1954 1335 2272 1427 simplices
2295 1332 2381 1425 (2)

364 1445 410 1514 i.
449 1467 512 1514 e.
559 1441 806 1514 divinas
845 1442 1273 1534 cognoscendi
1298 1448 1364 1511 et
1389 1441 1655 1512 volendi
1685 1460 1800 1512 sen
1825 1443 2118 1521 amandi„

394 1596 624 1694 Ergo
665 1599 865 1670 homo
914 1594 1239 1668 intellectu
1287 1603 1352 1668 et
1397 1594 1724 1669 voluntate
1769 1599 2073 1691 praedItus
2118 1619 2202 1670 ex
2256 1620 2386 1670 na-

364 1707 510 1778 tura
541 1707 657 1777 sua
692 1692 1095 1799 cognoscitur
1120 1711 1368 1775 creatus
1396 1727 1529 1775 esse
1558 1729 1597 1775 a
1622 1705 1757 1777 Deo
1786 1706 1868 1778 ad
1909 1706 2090 1776 hunc
2134 1708 2380 1784 finem,

366 1820 439 1883 ut
468 1836 604 1884 non
636 1814 938 1883 tantum
918 1835 988 1880 ιιι
1019 1836 1084 1881 se
1114 1810 1403 1881 exhibeat
1427 1808 1673 1882 divinas
1698 1814 2159 1905 perfectiones,
2215 1835 2387 1905 prae-

373 1924 559 2014 cipue
587 1942 706 2015 per
749 1922 1028 1991 actiones
1059 1919 1217 1990 ideae
1258 1920 1442 2005 reri,
1484 1920 1642 1991 boni
1673 1926 1735 1990 et
1771 1921 1960 2013 justi,
1999 1921 2047 1991 i.
2096 1943 2158 1992 e.
2196 1921 2391 2014 prin-

371 2031 539 2122 cipio
568 2027 936 2101 moralitatis
970 2028 1331 2098 conformes
1345 2081 1361 2107 ,
1402 2024 1515 2098 sed
1546 2028 1736 2098 etiam
1756 2079 1773 2107 ,
1818 2032 1894 2096 ut
1916 2048 2023 2097 eas
2053 2028 2186 2098 sive
2225 2029 2299 2097 in
2322 2048 2393 2099 sa

373 2138 503 2207 sive
542 2134 614 2205 in
643 2133 780 2205 aliis
808 2132 1111 2204 exhibitas
1149 2142 1214 2203 et
1241 2131 1667 2205 manifestatas
1694 2130 2021 2204 intellectu
2045 2142 2391 2227 cognoscat

373 2249 436 2314 et
486 2241 817 2314 voluntate
859 2247 1031 2311 amet
1044 2293 1064 2323 ,
1118 2246 1308 2334 atque
1353 2240 1445 2313 sic
1487 2242 1764 2335 gloriam
1806 2236 1932 2314 Dei
1969 2243 2395 2316 extrinsecam

373 2355 716 2446 compleat.

411 2481 431 2592 ζ
460 2497 574 2568 31.
621 2496 721 2567 Ex
745 2497 927 2604 aistis
953 2499 1156 2589 gloria
1185 2498 1306 2569 Dei
1323 2506 1416 2569 est
1440 2500 1589 2569 finis
1613 2501 1895 2570 hominis
1930 2447 2216 2572 absolute
2239 2501 2398 2571 um-

310 2676 315 2682 ,
372 2624 523 2676 mus
548 2630 568 2675 z
609 2603 884 2697 cognitio
912 2628 1065 2675 vero
1091 2612 1154 2674 et
1181 2629 1364 2676 amor
1387 2605 1509 2675 Dei
1533 2613 1626 2676 est
1647 2609 1792 2677 finis
1813 2607 2074 2679 relative
2098 2611 2412 2688 ultimus„

373 2718 593 2806 utpote
632 2735 750 2807 per
784 2736 986 2804 quem
1014 2715 1228 2783 solum
1262 2737 1345 2783 ex
1374 2715 1520 2783 idea
1568 2716 1902 2788 creationis
1948 2716 2152 2787 homo
2192 2718 2397 2787 finem

374 2817 661 2900 absolute
688 2820 999 2891 ultimum
1030 2819 1385 2910 adimplere·
1406 2824 1636 2908 potest.

461 2953 583 3025 Ast
597 2954 679 3023 in
696 2953 967 3023 Ιιασυίεα
983 2951 1185 3026 homo
1204 2959 1229 3031 ζ
1249 2956 1465 3043 utpote
1487 2951 1731 3022 liberet
1752 2974 1830 3023 ex
1853 2953 2186 3025 intellectu
2210 2954 2404 3025 finito

376 3059 654 3131 fallibilis
678 3066 742 3130 et
773 3083 854 3130 ex
881 3062 1282 3131 sensualitate
1307 3060 1390 3130 ad
1423 3061 1743 3130 sensibilia
1773 3061 2070 3153 proclivis
2100 3067 2303 3156 potest
2326 3066 2398 3132 in

382 3169 740 3262 cognitione
792 3171 931 3240 veri
982 3168 1141 3238 boni
1184 3191 1397 3238 errare
1448 3173 1516 3237 et
1556 3175 1874 3239 creatums
1935 3191 2072 3261 proe
2120 3176 2402 3241 creatore

380 3275 659 3347 amando
685 3276 975 3347 ordinem
1023 3277 1255 3346 divina)
1305 3277 1649 3346 sanctitatis
1690 3277 2059 3347 subvertere
2092 3280 2286 3368 atque
2317 3278 2403 3350 ita

381 3382 582 3454 finem
611 3401 802 3453 suum
821 3384 1078 3456 relative
1096 3385 1401 3454 ultimum
1422 3406 1559 3454 non
1581 3379 1953 3477 adimplere.
1982 3381 2158 3455 Dens
2185 3390 2410 3456 autem

384 3488 515 3561 fine
561 3487 848 3566 absolute
878 3492 1111 3568 ultimo
1128 3542 1152 3575 ,
1194 3491 1247 3576 i.
1279 3511 1342 3564 e.
1394 3492 1602 3584 gloria
1657 3492 1776 3562 sua
1821 3491 2175 3563 extrinseca
2224 3491 2405 3568 frus-

450 3735 520 3804 (1)
540 3735 668 3793 Ihm
688 3739 796 3794 Art.
815 3741 862 3792 3.
885 3729 1049 3802 prop.
1063 3738 1110 3789 8.
1132 3734 1256 3802 Peg.
1275 3737 1369 3787 2⁰5
1390 3737 1600 3804 etseqq.
1623 3731 1812 3801 etCap.
1838 3732 1888 3786 2.
1909 3731 2099 3799 Arm,
2131 3729 2283 3803 Prop.
2309 3735 2414 3790 ἰοί

389 3810 441 3863 2.
462 3810 581 3875 Pag.
603 3811 699 3861 22³
715 3814 767 3862 et
786 3823 922 3874 seqq.

455 3880 522 3947 (ἓ)
556 3881 627 3932 Ibi
630 3881 760 3939 dem.
786 3882 912 3938 Sect.
943 3883 989 3940 11
1033 3884 1148 3952 Cap.
1173 3887 1221 3937 1.
1253 3884 1360 3939 Art.
1385 3887 1432 3940 2
1453 3883 1549 3939 Pro
1522 3899 1600 3950 ομ
1628 3887 1672 3936 5.
1693 3883 1812 3947 Pag.
1841 3885 1931 3933 196
1954 3883 2005 3933 et
2022 3894 2157 3947 seqq.
