2988 4832
494 565 876 650 ‘Ommm‘nrss
910 574 981 651 Si
1012 579 1183 651 Deus
1227 581 1306 652 ad
1335 607 1561 653 omnes
1604 581 1877 652 actiones
1920 585 2224 650 creaturae
2253 582 2454 650 ratio-

408 688 600 756 nelis
644 691 1003 773 immediate
1044 692 1407 769 concurrit,
1444 694 1767 759 concurrit
1794 691 1984 758 ctiam
2018 690 2099 757 ad
2131 688 2456 757 actionem

437 797 946 887 peccaminosam
970 821 992 864 .·
1022 800 1197 887 atqui
1225 798 1348 867 hoc
1375 804 1467 866 est
1488 798 1838 867 absurdum
1862 850 1879 876 ,
1912 819 2087 888 ergo.

420 960 425 978 ²
524 952 602 1024 R.
640 959 720 1023 D.
753 961 916 1044 Maj.
951 956 1286 1026 Concurrit
1307 959 1388 1027 ad
1409 960 1725 1027 actionem
1758 960 2297 1050 peccaminosam‚
2330 958 2461 1047 qua

436 1066 736 1129 accionem.
754 1066 1067 1152 physicam
1091 1119 1105 1143 ,
1167 1089 1311 1156 qua>
1356 1067 1423 1133 in
1471 1089 1536 1134 se
1582 1065 1753 1134 bona
1795 1073 1857 1134 et
1904 1068 2078 1134 reale
2121 1067 2275 1156 quid
2318 1073 2460 1142 est,·

396 1153 408 1171 ‘
441 1173 510 1238 C.
538 1174 701 1257 Μεθ’.
740 1171 877 1250 Qua
910 1176 1201 1240 actionem
1221 1174 1697 1262 peccaminosam
1726 1226 1743 1252 ,
1799 1174 2114 1264 quatenus
2162 1175 2373 1243 deficit
2420 1194 2461 1240 a

433 1277 656 1367 regula
684 1280 1048 1347 moralitatis
1075 1333 1092 1359 ,
1143 1282 1232 1350 N.
1281 1284 1446 1369 Maj.
1484 1280 1655 1350 Nam
1693 1282 1986 1370 inprimis
2015 1281 2461 1351 conservando

432 1383 750 1461 viminter
775 1383 902 1453 duo
936 1386 1316 1456 alterutrum
1349 1388 1625 1478 eligendi
1668 1388 1841 1456 Deus
1882 1387 2196 1477 relinquit
2229 1408 2461 1477 pecca-

434 1497 574 1560 tum
588 1489 901 1583 possibile,
929 1495 1101 1584 quod
1117 1519 1252 1563 non
1271 1502 1633 1586 repugnat:
1664 1501 1757 1562 ast
1777 1495 1863 1562 ad
1881 1502 2218 1584 peccatum
2237 1496 2459 1584 ipsum

436 1622 568 1669 non
593 1601 796 1690 magis
825 1602 1168 1679 concurrit,
1200 1625 1397 1692 quam
1422 1609 1601 1694 pater
1620 1605 1702 1672 ad
1731 1611 2073 1694 peccatum
2092 1604 2228 1681 filii,
2261 1626 2461 1692 quem

434 1708 655 1796 genuit
679 1713 742 1774 et
774 1708 1013 1784 nutrit„
1046 1707 1293 1778 Deinde
1323 1710 1517 1779 etiam
1543 1762 1560 1789 ,
1598 1711 1726 1800 qua
1752 1712 2148 1802 principium
2187 1710 2465 1802 obiecti-

433 1836 595 1883 vum
621 1816 998 1906 cognitionis
1046 1822 1112 1884 et
1148 1814 1462 1887 volitionis
1509 1839 1900 1888 concurrens
1957 1816 2324 1888 immediate
2378 1818 2466 1888 ad

436 1922 749 1991 actionem
776 1925 978 2016 ipsam
1005 1925 1134 2016 qua
1168 1925 1498 2015 physicam
1521 1975 1536 2005 ,
1596 1948 1732 1996 non
1772 1928 1983 2020 magis
2020 1928 2347 1996 concurrit
2376 1927 2463 1996 ad

435 2034 653 2099 actum
679 2031 808 2119 qua
839 2033 1356 2122 peccaminosum
1389 2084 1407 2113 ‚
1456 2055 1653 2124 quam
1700 2035 1926 2104 lumen
1951 2087 1970 2114 ‚
2026 2033 2157 2125 qua
2205 2034 2458 2126 princi-

435 2139 614 2230 pium
639 2139 1020 2230 objectivum
1042 2141 1310 2210 ⁴visionis
1343 2143 1619 2233 physicae
1640 2144 1966 2212 concurrit
1999 2142 2082 2210 ad
2122 2148 2460 2232 aspectum
2486 2218 2493 2224 ,

437 2255 691 2340 turpem
719 2299 736 2326 ,
775 2249 1030 2338 praecise
1062 2248 1190 2338 qua
1234 2255 1508 2339 turpem*
1546 2275 1562 2318 ε
1618 2251 1766 2338 quia
1792 2240 2028 2318 scilicet
2058 2301 2075 2327 ‚
2112 2249 2275 2318 sicut
2301 2251 2458 2319 visio

437 2354 693 2445 physica
717 2406 732 2433 ‚
767 2357 1024 2424 utactio
1054 2356 1312 2453 physica
1331 2357 1401 2425 in
1435 2377 1504 2425 se
1526 2355 1698 2427 bona
1718 2408 1737 2438 ,
1764 2377 1883 2449 pro
1910 2356 2186 2425 termino
2216 2353 2467 2425 habere

437 2468 636 2554 potest
664 2463 982 2555 objectum
1015 2464 1272 2555 aliquod
1304 2466 1486 2556 pium
1518 2489 1698 2557 aeque
1738 2488 1816 2535 ac
1862 2471 2047 2555 turpe
2096 2489 2214 2556 pro
2256 2465 2481 2535 libera·

439 2570 740 2640 electione
763 2572 1029 2642 videntis
1049 2624 1070 2654 ‚
1107 2573 1195 2643 ita
1224 2575 1499 2665 cognitio
1523 2576 1735 2665 aliqua
1762 2574 1868 2643 vel
1905 2573 2124 2642 volitio
2144 2626 2160 2652 ‚
2198 2576 2461 2642 utactio

439 2678 694 2770 physica
712 2680 782 2748 in
801 2703 868 2749 se
897 2682 1088 2750 etiam
1117 2683 1250 2773 ipsa
1275 2682 1448 2751 bona
1473 2734 1492 2761 ‚
1533 2704 1650 2773 pro
1676 2681 1951 2750 termino
1974 2680 2213 2750 habere
2253 2688 2466 2774 potest

441 2786 759 2879 objectum
797 2788 1054 2879 aliquod
1098 2789 1181 2855 ad
1219 2790 1432 2878 legem
1475 2788 1846 2855 moralitatis
1869 2788 2316 2860 coordinatum
2358 2790 2468 2860 vel

439 2916 574 2965 non
617 2895 1055 2984 coordinatum
1074 2919 1077 2922 ’
1097 2917 1214 2986 pro
1257 2895 1459 2963 libera
1509 2896 1815 2961 electione
1862 2898 2305 2985 cognoscentis
2356 2898 2471 2967 vel

441 3002 728 3073 volentis·
752 3038 844 3076 --,
865 3001 1150 3071 Demum
1178 3004 1399 3070 auctor
1427 3002 1670 3091 peccati
1692 3000 1802 3069 ille
1825 3005 1956 3079 est,
2008 3003 2195 3092 cujus
2225 3004 2468 3072 volun-

441 3243 592 3313 logio,
619 3249 789 3301 omnia
806 3249 995 3312 reliqua
1014 3248 1262 3298 moventia
1284 3250 1497 3309 moveat,
1512 3247 1730 3310 adeoque
1750 3260 1919 3300 omnes
1941 3251 2104 3299 motus
2120 3260 2295 3299 eorum
2312 3248 2466 3300 etiam

446 3320 605 3382 ipsum
630 3335 745 3369 cum
765 3321 1066 3370 intermediis
1100 3321 1408 3369 moventibus
1443 3323 1636 3384 causet3
1657 3320 1727 3369 ita
1742 3320 1873 3370 Deus
1892 3324 1942 3371 et
1967 3334 2045 3370 res
2066 3324 2116 3370 et
2137 3324 2267 3369 vires
2298 3333 2472 3369 rerum

444 3405 531 3441 seu
549 3405 628 3441 res
651 3393 922 3440 secundum
943 3392 1163 3454 proprias
1193 3391 1429 3453 cujusque
1452 3392 1632 3441 formas
1653 3404 1823 3441 creans
1843 3392 2135 3453 easdemque
2148 3403 2465 3452 conservam,

446 3463 640 3525 omnia,
662 3476 772 3526 quae
794 3463 857 3511 ab
879 3463 993 3524 ipsis
1019 3467 1296 3526 causantur,
1333 3463 1483 3511 etiam
1510 3461 1612 3524 ip‘se
1632 3462 1731 3523 qua
1754 3463 1917 3525 prima
1949 3477 2095 3513 causa
2119 3474 2206 3511 seu
2244 3461 2469 3524 primum

448 3544 596 3596 agens
617 3545 733 3584 cum
754 3533 868 3595 ipsis
890 3533 1045 3582 causis
1064 3533 1369 3582 intermediis
1392 3536 1575 3583 causat.
1631 3533 1771 3583 Unde
1794 3534 1929 3595 dein,
1956 3538 2014 3584 ut
2034 3534 2167 3583 idem
2189 3533 2251 3583 D.
2276 3532 2468 3586 Thoma

449 3604 690 3672 advertit:
722 3604 863 3656 Gont.
886 3606 1016 3669 qent.
1044 3604 1152 3657 Lib.
1174 3604 1259 3654 111.
1283 3604 1404 3666 Cap.
1427 3608 1485 3653 70
1510 3604 1565 3652 in
1601 3603 1699 3653 fine
1729 3617 1746 3655 ε
1776 3605 1933 3664 Patet,
1960 3605 2091 3671 quod
2113 3619 2207 3654 non
2228 3604 2301 3653 sic
2332 3603 2472 3653 idem

450 3675 646 3745 effectm
663 3689 826 3727 causoe
846 3676 1070 3725 naturali
1097 3679 1146 3725 et
1165 3675 1350 3730 divinoe
1379 3676 1561 3725 virtuti
1591 3674 1899 3741 attribuitur,
1936 3677 2081 3743 quasi
2103 3677 2295 3741 partim
2317 3690 2349 3725 a
2370 3675 2470 3725 Deo

450 3750 498 3798 et
510 3749 699 3815 partim
722 3763 753 3799 a
769 3748 992 3799 naturali
1011 3752 1180 3814 aqente
1203 3748 1319 3815 fiat,
1345 3748 1433 3798 sed
1455 3750 1585 3798 totus
1603 3746 1664 3797 ab
1685 3750 1889 3813 utroque
1908 3748 2172 3799 secundum
2193 3747 2348 3808 alium
2362 3763 2469 3798 mo-

453 3817 575 3945 dzc‘m
593 3831 613 3870 .·
629 3819 759 3939 ῗίῗιιέ
781 3820 912 3872 idem
932 3819 1126 3888 effictus
1145 3823 1272 3872 totu-s·
1291 3820 1581 3873 attribuitur
1601 3820 1923 3873 instrumento
1944 3824 1991 3873 et
2002 3821 2280 3890 principali
2302 3820 2474 3886 aqenti

412 3909 418 3916 ·
461 3908 488 3945 e
509 3903 610 3944 iam
648 3904 675 3940 ο
699 3904 772 3944 ua.
