2988 4832
307 598 476 670 viua.
533 594 853 667 Attributa
881 593 1077 666 ’enim
1133 597 1345 665 fluunt
1411 610 1492 665 ex
1543 592 1814 665 essenti&
1864 597 2212 666 necessu-io
2250 603 2315 667 ct

244 746 245 749 π
300 710 429 788 ita,
471 711 546 776 ut
588 705 670 775 ab
717 707 795 775 ea
825 704 1104 797 separari
1147 725 1283 773 non
1328 703 1613 796 possint,
1640 702 1751 775 sed
1785 724 1941 772 cum
1966 703 2313 772 cai-editor

298 813 797 883 identificent‘ur.
860 809 1035 902 Ergo
1093 810 1148 880 si
1204 810 1504 879 dividitur
1545 809 1818 876 extensio
1858 859 1877 887 ,
1932 806 2313 879 dividerem

245 980 249 985 .
295 923 554 990 essentia
589 922 808 987 divina
852 923 917 987 et
966 918 1163 986 simul
1206 918 1498 1006 coqitatio
1521 967 1540 995 ,
1573 920 1792 1006 utpote
1826 914 2106 984 alterum
2125 917 2313 985 attri-

297 1029 534 1098 butum
585 1032 651 1096 et
702 1047 856 1096 cum
896 1025 1165 1095 essentia
1220 1023 1436 1097 divina
1487 1010 1870 1091 identificata
1930 1047 1950 1089 ι
1987 1023 2163 1111 atqui
2190 1042 2312 1091 nec

297 1136 567 1204 essentia
592 1133 807 1203 divina
828 1155 950 1202 nec
987 1132 1276 1223 cogitatio
1315 1129 1510 1201 dividi
1530 1134 1795 1222 possunt
1821 1156 1839 1210 3
1874 1129 2023 1216 quia
2044 1134 2312 1220 utraque

294 1248 393 1321 est
420 1240 886 1333 simplicissima
914 1268 932 1321 ς
981 1261 1137 1331 ergo
1167 1239 1458 1335 cogitatio
1484 1243 1567 1337 et
1601 1240 1878 1311 extensio
1905 1239 2163 1311 nonnisi
2197 1260 2311 1331 per

294 1348 652 1423 absurdum
685 1347 810 1416 dici
847 1351 1111 1440 possunt
1151 1345 1450 1418 attributa
1500 1367 1611 1419 seu
1654 1346 2061 1437 proprietates
2092 1368 2309 1419 essen-

294 1457 478 1529 tiales
496 1456 691 1529 unius
712 1454 946 1527 divinae
966 1454 1276 1528 essentiae.
1322 1452 1504 1525 Esset
1525 1454 1702 1523 enim
1726 1454 1994 1529 essentia
2016 1452 2231 1527 divina
2246 1457 2311 1525 et

293 1565 597 1657 cogitatio
626 1563 949 1639 divisibilis
976 1562 1168 1635 simul
1186 1567 1252 1631 et
1272 1561 1690 1639 indivisibilis-

385 1704 445 1796 b)
469 1704 788 1774 Attributa
815 1702 1294 1773 contradictoria
1334 1702 1407 1772 in
1430 1700 1662 1773 eodem
1683 1701 1966 1794 subjecto
1988 1724 2054 1773 se
2082 1702 2308 1774 mutuo

293 1815 633 1884 destruunt
663 1839 681 1881 ε
713 1813 890 1904 atqui
913 1811 1202 1902 cogitatio
1234 1816 1298 1879 et
1319 1812 1598 1878 extensio
1618 1831 1732 1879 seu
1753 1812 2120 1901 compositio
2146 1835 2307 1881 con-

292 1919 651 1988 tmdictorie
680 1918 798 1986 sibi
827 1923 1258 2009 opponuntur.
1301 1917 1664 2007 Composito
1692 1919 1870 1987 enim
1902 1919 2307 1993 essentialiter

293 2029 611 2118 repugnat
631 2015 906 2115 cogitare
929 2075 946 2102 .
976 2025 1070 2092 uti
1088 2024 1255 2093 infra
1277 2023 1362 2114 (1)
1388 2022 1743 2095 videbimus
1767 2051 1788 2105 ς
1819 2046 2082 2115 ergo-m

383 2161 436 2255 c)
464 2161 742 2244 Quodvis
775 2153 1151 2230 attributum
1179 2161 1462 2229 essentiae
1484 2160 1753 2229 infinitae
1795 2166 1890 2228 est
1928 2161 2300 2233 infinitum:

293 2270 475 2359 atqui
496 2268 659 2339 nihil
682 2320 701 2348 ,
736 2268 910 2361 quod
933 2272 1263 2336 extensum
1289 2272 1382 2335 est
1405 2319 1422 2347 ,
1459 2271 1664 2358 potest
1687 2289 1819 2336 esse
1841 2268 2164 2340 infinitum
2183 2272 2301 2363 (2);

292 2401 451 2471 ergo
458 2430 591 2450 .....
726 2400 749 2415 ”
2216 2390 2224 2405 ’

379 2514 444 2606 d)
475 2514 794 2586 Attrihuta
811 2516 938 2610 hoc
958 2516 1093 2608 ipso
1118 2526 1145 2595 ’ζ
1166 2513 1340 2605 quod
1367 2512 1579 2587 fluunt
1607 2513 1960 2591 necessarIo
1992 2535 2070 2583 ex
2092 2536 2305 2594 essen-

287 2624 379 2693 tia
406 2629 470 2692 et
500 2645 652 2692 cum
672 2626 751 2698 ea
777 2625 1028 2700 realiter
1047 2609 1519 2696 identificantur
1547 2671 1566 2700 .
1602 2626 1755 2690 sunt
1782 2642 1964 2713 aeque
1989 2614 2305 2693 immuta-

286 2731 441 2802 bilia
465 2781 484 2809 ‚
527 2752 604 2802 ac
628 2731 767 2822 ipsa
799 2732 1069 2802 essentia
1116 2756 1136 2802 ε
1189 2730 1367 2824 atqui
1409 2735 1545 2802 tam
1586 2730 1997 2821 cogitationes
2025 2737 2254 2801 nostrae
2276 2784 2296 2812 ,

287 2859 490 2930 quam
518 2838 708 2906 variae
730 2838 1119 2910 extensiones
1157 2842 1307 2906 sunt
1326 2836 1664 2910 mutabiles
1693 2867 1716 2922 ς
1766 2861 1920 2931 ergo
1968 2862 2090 2920 nec
2124 2840 2303 2932 cogi-

286 2946 441 3014 tatio
486 2946 875 3042 (complexus
918 2947 1375 3036 cogitationum
1426 2947 1811 3039 nostrarum)
1865 2959 1985 3016 nec
2027 2953 2301 3020 extensio

280 3059 551 3152 possunt
579 3075 713 3127 esse
744 3053 1048 3123 attributa
1074 3055 1357 3126 essentiae
1383 3054 1650 3126 infinitae
1677 3060 1743 3129 et
1766 3054 2206 3130 immutabilis.

376 3184 572 3252 Proh.
606 3182 687 3254 B.
720 3184 1061 3252 Emanatio
1086 3186 1423 3251 immamus
1451 3204 1776 3254 mun-nm
1802 3196 2042 3275 sumpta
2078 3194 2163 3251 est
2178 3206 2301 3250 ·re-·

275 3313 566 3383 pugnans
588 3294 662 3362 in
680 3315 767 3360 se.
812 3290 982 3364 Nam
1001 3293 1183 3382 juxta
1219 3290 1391 3366 hano
1430 3292 1860 3383 multiplicitas
1897 3314 2121 3364 rerum.
2164 3312 2300 3360 non

284 3422 439 3468 vere
465 3400 752 3467 existeret
775 3449 796 3478 ,
833 3398 941 3467 sed
976 3407 1137 3467 esset
1176 3420 1356 3467 mera
1383 3400 1666 3467 collectio
1695 3405 1758 3467 et
1790 3400 2094 3467 successio
2135 3398 2298 3490 phe-

278 3527 718 3575 nomenorum
738 3527 849 3574 seu
867 3508 1383 3596 apparentiarum
1415 3536 1433 3588 ;
1479 3508 1888 3599 phenomena
1924 3509 2138 3574 autem
2160 3508 2295 3598 ipsa

280 3619 496 3684 essent
512 3603 782 3686 ‘totidem
803 3613 1142 3706 positiones
1170 3616 1456 3710 ejusdem
1480 3614 1763 3703 essentiae
1792 3614 2023 3707 diviuae
2069 3642 2088 3687 ι
2122 3616 2296 3710 atqui

272 3721 414 3827 lioc
444 3725 537 3790 est
557 3719 931 3790 absurdum.
961 3719 1215 3795 Etenim

348 3900 422 3969 (1)
458 3903 631 3969 Pasti.
657 3883 766 3955 eae.
792 3901 920 3959 sect.
947 3907 995 3956 1.
1025 3905 1143 3969 cap.
1168 3909 1221 3960 ε.-

347 3974 418 4044 (2)
440 3974 598 4032 Ontol.
625 3975 757 4032 Part.
779 3976 843 4036 11,
865 3978 992 4034 Sect.
1015 3980 1062 4033 2.
1087 3978 1206 4045 cap.
1225 3981 1273 4033 2.
1295 3978 1416 4048 Pag.
1435 3983 1552 4044 me
