2988 4832
358 660 645 734 nuissent
665 657 701 729 ἳ
743 655 1012 733 Necesse
1050 653 1264 754 itaisue
1301 663 1423 732 erit
1473 659 1557 731 ad
1591 659 1877 752 primum
1912 647 2197 752 aliqueiii
2237 658 2364 730 ho-

356 768 603 840 minem
632 770 963 863 pervenire
987 818 1007 848 .
1040 769 1154 861 qui
1180 791 1316 840 non
1345 769 1543 840 verbo
1565 768 1669 837 vel
1688 768 2080 838 institutione
2111 766 2380 839 alteriue?

355 875 638 947 hominis
681 876 853 945 hanc
900 875 1110 947 ideam
1154 877 1277 948 sibi
1317 874 1728 971 compararit,
1772 881 1836 946 et
1864 876 1978 963 qui
1993 914 2012 953 .
2068 872 2205 945 mo
2235 897 2370 946 non

355 982 655 1052 existente
671 1034 689 1062 ,
728 1005 936 1074 neque
963 982 1088 1053 hoc
1120 1005 1329 1076 neque
1373 985 1499 1053 alio
1543 983 1681 1053 ullo
1706 982 1899 1052 modo
1927 983 2111 1051 illam
2140 983 2373 1074 acqui-

353 1110 499 1159 rere
525 1091 819 1182 potuerit.
849 1089 1022 1183 Ergo
1051 1115 1303 1162 necesse
1349 1097 1442 1162 est
1468 1080 1683 1161 Deum
1712 1091 2083 1160 existentem
2119 1090 2369 1159 admit-

353 1201 490 1271 tere
520 1202 595 1270 ut
628 1200 832 1292 ipsam
860 1199 1177 1292 originem
1214 1200 1371 1270 ideae
1412 1200 1550 1290 ejus
1584 1198 1896 1290 explicare
1937 1196 2275 1290 possimus·

446 1366 647 1456 Neque
679 1374 873 1456 potest
915 1384 1079 1431 mem
1113 1364 1384 1432 humana
1427 1360 1632 1431 ideam
1673 1363 1825 1441 Dei,
1875 1362 2003 1430 Deo
2033 1382 2160 1432 non
2195 1364 2354 1432 exis·

358 1485 520 1542 teme
536 1522 558 1555 ,

447 1622 514 1714 b)
560 1625 860 1693 formare
883 1647 962 1691 ex
982 1647 1042 1690 se
1058 1611 1217 1713 ipsa}
1241 1614 1410 1691 Nam
1425 1620 1496 1689 in
1514 1617 1850 1712 hypothesi
1869 1622 2374 1693 non-enstenfiae

355 1730 483 1800 Dei
512 1753 695 1800 mens
722 1732 1009 1799 humana
1048 1753 1258 1821 neque
1296 1730 1548 1820 concipi
1583 1735 1785 1820 potest
1824 1728 2171 1799 necessario
2209 1737 2273 1801 et
2298 1753 2373 1801 ex

357 1840 591 1909 natura
618 1840 733 1908 sua
762 1839 1178 1909 determinata
1208 1836 1293 1907 ad
1325 1838 1498 1906 hanc
1526 1834 1758 1915 ideam,
1804 1856 2014 1927 neque
2043 1856 2189 1907 eam
2219 1839 2400 1907 ecti-·

346 1948 549 2016 -vitate
565 1947 820 2039 propria
834 1948 1109 2016 formare
1133 1946 1230 2038 (ex
1248 1944 1425 2014 dictis
1444 1964 1594 2038 pag.
1628 1944 1799 2035 192),
1830 1964 2040 2037 neque
2063 1966 2217 2017 vero
2237 1946 2375 2017 haec

354 2053 504 2123 idea
539 2059 742 2146 potest
780 2074 914 2122 esse
960 2074 1141 2122 mera
1164 2054 1383 2135 *forme
1423 2053 1703 2122 mentis:
1732 2052 2043 2143 siquidem
2079 2054 2221 2124 idea
2260 2052 2376 2127 Dei

357 2164 625 2232 utentis
664 2161 897 2231 infiniti
937 2168 1003 2231 et
1041 2161 1391 2240 realissimi,
1432 2160 1562 2252 qua
1578 2158 1911 2249 analytica,
1950 2160 2235 2231 includat
2258 2184 2377 2232 ne-

357 2270 628 2339 cessario
674 2268 882 2338 ideam
915 2269 1176 2339 actualis
1205 2269 1570 2347 existentiae,
1603 2262 1886 2358 adeoque
1917 2287 2000 2336 ne
2039 2268 2376 2359 subjective

359 2376 628 2468 quidem
657 2376 849 2467 possit
891 2397 1026 2446 esse
1063 2394 1248 2456 vera,
1284 2374 1445 2466 quin
1474 2374 1554 2443 sit
1597 2373 1902 2465 objective
1937 2375 2122 2445 realis
2155 2398 2170 2446 ε
2205 2376 2378 2445 unde

358 2482 469 2551 vel
492 2481 813 2560 absolutus
839 2482 1268 2575 scepticismus
1293 2482 1597 2574 sequitur.
1634 2477 1739 2551 vel
1767 2475 1907 2553 idea
1935 2482 2076 2555 haec
2110 2504 2245 2552 non
2283 2486 2379 2553 est

355 2612 542 2663 mere
568 2593 781 2663 forma
807 2592 1041 2661 mentis
1069 2591 1180 2683 (1).

449 2725 646 2795 Proh.
679 2717 1143 2794 Min.--B.-
1164 2723 1315 2791 Idea
1341 2726 1537 2791 omnis
1557 2725 1642 2791 est
1658 2726 1957 2815 perceptio
1975 2719 2241 2813 alicujus
2262 2721 2380 2791 ob·-

357 2833 512 2922 y'eeti
525 2855 551 2912 ,-
580 2851 736 2921 ergo
764 2831 945 2899 nulla
972 2829 1114 2898 idea
1148 2831 1284 2909 sine
1327 2831 1540 2919 aliquo
1578 2830 1864 2920 objecto:
1902 2827 2076 2921 atqui
2117 2830 2168 2898 si
2207 2827 2383 2899 Deus

361 2959 500 3010 non
539 2938 778 3018 existat,
809 2937 948 3007 idea
973 2935 1093 3005 Dei
1122 2936 1381 3005 nullum
1413 2935 1606 3004 habet
1630 2935 1972 3024 objectum.
2005 2933 2177 3004 Deus
2204 2937 2381 3005 enim

202 3057 203 3060 ’
338 3044 616 3114 ‘infinite
646 3046 956 3135 perfectus
977 3048 1041 3111 et
1068 3042 1151 3112 ab
1179 3045 1359 3112 omni
1379 3060 1602 3113 rerum
1623 3041 2025 3111 universitate
2055 3037 2384 3112 distinctus

362 3173 444 3221 ex
485 3151 626 3242 ipsa
670 3152 928 3220 notione
972 3169 1108 3220 non
1151 3155 1245 3219 est
1270 3151 1480 3241 ipsum
1526 3149 1920 3227 universum,
1957 3167 2165 3239 neque
2200 3169 2384 3219 mens

363 3263 603 3337 nostra,
637 3277 845 3350 neque
874 3258 974 3350 (ex
1000 3257 1202 3349 dictis)
1230 3256 1371 3326 idea
1398 3260 1535 3347 eJus
1561 3277 1601 3326 a
1628 3261 1844 3327 mente
1876 3253 2080 3325 efficta
2114 3256 2219 3326 vel
2242 3257 2385 3328 for-

222 3439 226 3448 ,
359 3388 475 3437 ma
502 3367 850 3437 necessaria
875 3367 1009 3436 sine
1037 3365 1282 3456 objecto
1310 3365 1502 3446 reali;
1534 3386 1687 3457 ergo
1713 3362 1855 3436 idea
1886 3362 2038 3446 Dei,
2082 3363 2217 3437 Deo
2249 3388 2385 3440 non

362 3474 660 3545 existente
676 3526 694 3555 ,
730 3473 989 3544 nullum
1023 3472 1284 3542 haberet
1313 3471 1659 3563 objectum.

454 3631 628 3752 ‘En-90
657 3629 762 3700 Ῑιοο
783 3632 932 3722 ipso,
960 3632 1116 3721 quod
1137 3633 1258 3699 Dei
1288 3631 1567 3754 habaemus
1589 3632 1807 3710 ideam,
1834 3633 2158 3722 probatur,
2195 3635 2382 3705 Deum

365 3754 525 3804 θέΐὶδῖ
535 3761 652 3809 01⁸0·

431 3963 500 4032 (ι)
534 3963 694 4018 Ontot.
727 3965 830 4032 Peg
848 3967 958 4035 23³,
982 3969 1097 4021 note
1124 3970 1174 4022 et
1195 3966 1306 4033 obj.
1329 3972 1375 4021 3.
1401 3968 1521 4034 Peg.
1553 3925 1713 4021 2⁴3&
1735 3981 1870 4033 seqq.
