2988 4832
410 579 782 651 versissimis
801 579 1021 650 formis
1043 599 1178 650 case
1207 579 1570 659 modificat,
1604 580 1735 650 fere
1763 582 1946 653 sicuti
1967 583 2161 652 varim
2200 583 2422 673 figura

411 688 623 757 eidem
653 686 848 778 lapidi
880 687 1213 778 insculptae
1239 686 1433 777 hujus
1459 686 1688 778 lapidis
1731 688 2224 757 modificationes
2245 739 2262 773 ,
2311 686 2423 757 sed

411 795 701 885 ejusdem
721 817 875 864 cum
899 795 1035 886 ipso
1065 793 1428 864 substantiae
1464 799 1699 883 essent.
1740 792 1895 864 Haec
1928 795 2245 864 emanatio
2273 814 2423 862 con-

409 905 750 990 sequenter
777 921 931 968 eum
965 898 1355 991 Spinosismo
1382 904 1446 967 et
1489 920 1644 967 cnm
1683 899 2044 968 evolutione
2073 897 2424 968 necessaria

408 1005 536 1076 Dei
553 1060 573 1087 ,
625 1007 882 1097 qualem
908 1006 1203 1076 moderni
1244 1005 1613 1097 pantheistae
1644 1012 2009 1087 assumunt,
2058 1005 2191 1075 fere
2230 1006 2413 1074 coin-

416 1113 592 1184 cidit.

501 1242 612 1311 Est
649 1250 863 1313 autem
905 1266 1083 1315 error
1108 1246 1217 1315 hic
1252 1245 1749 1336 antiquissimus.
1789 1238 2125 1314 Invenitur
2149 1242 2331 1311 enim
2352 1243 2425 1312 in

410 1352 892 1439 antiquissimis,
945 1354 1059 1476 qui
1086 1358 1473 1431 noscuntur,
1516 1352 1694 1420 libris
1738 1352 2037 1418 Indorum
2066 1332 2190 1441 (1),
2238 1352 2426 1439 rigo-

410 1479 555 1525 rose
581 1480 732 1526 vero
762 1465 824 1526 et
842 1461 1118 1528 maxime
1150 1465 1613 1550 consequenter
1646 1458 2004 1549 expositus
1985 1479 2057 1525 ιιι
2087 1462 2422 1545 systemate

412 1562 910 1635 Vedenticorum
941 1566 1024 1656 (2)
1052 1572 1116 1634 et
1152 1568 1223 1634 in
1252 1566 1544 1656 Oupnek’
1547 1567 1659 1633 hat
1687 1565 1771 1655 (3)
1792 1616 1809 1644 .
1843 1566 1915 1633 ιιι
1945 1585 2073 1654 quo
2097 1562 2380 1631 Brahma
2396 1614 2417 1642 ,

407 1694 515 1739 ens
532 1674 1068 1741 indeterminatum
1084 1725 1105 1753 ,
1145 1675 1519 1765 proponitur
1542 1679 1616 1741 ut
1645 1673 1817 1741 solus
1844 1673 2114 1741 existens
2133 1721 2155 1752 ,
2189 1673 2275 1739 ita
2304 1679 2377 1740 ut
2395 1724 2415 1750 ,

410 1778 719 1868 quidquid
754 1778 1036 1849 Brahma
1076 1803 1211 1850 non
1243 1787 1374 1862 est,
1420 1782 1499 1848 sit
1537 1780 1773 1849 illusio,
1814 1778 1986 1848 Nam
2027 1779 2302 1848 hrahma
2327 1785 2423 1849 est

408 1907 529 1953 ens
547 1886 870 1954 infinitum
887 1894 954 1956 et
972 1887 1377 1970 absolutum3
1410 1909 1564 1979 ergo
1592 1889 1645 1956 si
1663 1909 1766 1956 res
1787 1887 1984 1956 finitae
2011 1887 2225 1955 extra
2205 1908 2423 1978 ipsum

409 1995 781 2073 existerent,
827 1994 956 2062 ab
935 2017 1071 2087 ipso
1104 1997 1427 2087 productae
1470 2002 1729 2064 essent.
1775 1996 1952 2086 atqui
1983 1994 2114 2063 ab
2095 2018 2232 2087 ipso
2258 2018 2423 2087 pro-

412 2101 618 2170 ductae
657 2124 790 2170 esse
827 2125 963 2171 non
990 2108 1289 2195 possunt,
1341 2104 1502 2194 quin
1544 2102 1776 2170 habeat
1812 2102 2209 2194 principium
2231 2102 2420 2169 limi-

412 2210 660 2277 tationis
701 2210 770 2277 in
806 2230 913 2289 se,
963 2209 1136 2300 quod
1167 2216 1484 2302 repugnat
1529 2209 1793 2277 infinitae
1843 2208 2038 2298 ipsius
2081 2209 2409 2287 essentiae:

409 2340 564 2408 ergo
609 2319 826 2387 omnia
849 2369 866 2397 ,
912 2339 1055 2408 quae
1090 2323 1275 2394 sunt,
1326 2316 1526 2384 sunt’
1507 2338 1640 2406 1pse
1684 2314 1998 2393 Brahma,
2039 2320 2101 2382 et
2129 2312 2181 2381 si
2218 2313 2418 2382 homo

407 2447 512 2494 res
554 2428 723 2495 cirea
750 2448 816 2494 se
843 2430 916 2493 ut
962 2423 1280 2493 distinctas
1307 2446 1349 2493 a
1376 2422 1660 2492 Brahma
1688 2421 2077 2500 considerat,
2123 2423 2419 2488 illuditur

401 2546 464 2602 et
495 2546 581 2601 est
613 2536 688 2601 in
713 2535 971 2603 somnio.
1001 2531 1126 2600 Res
1154 2531 1327 2601 enim
1356 2532 1489 2600 istae
1524 2552 1748 2599 omnes
1771 2528 2241 2597 identificantur
2264 2551 2417 2597 cum

404 2639 723 2719 Brahma,
774 2641 934 2708 sicut
967 2639 1199 2708 fluctus
1240 2640 1435 2707 maris
1476 2660 1629 2706 cum
1672 2637 1876 2714 mari,
1927 2636 2030 2704 vel
2062 2635 2223 2703 radii
2252 2637 2419 2725 ignis

406 2770 560 2816 cum
588 2748 762 2839 igne.
794 2745 1086 2815 Eandem
1120 2745 1475 2813 doctrinam
1505 2751 1568 2813 et
1598 2744 1709 2813 alii
1736 2743 1999 2834 quidam
2034 2742 2419 2832 antiquitatis

402 2854 667 2946 populi,
709 2853 858 2922 licet
884 2854 1045 2921 sorte
1076 2874 1212 2920 non
1244 2852 1400 2923 adeo
1435 2857 1688 2943 aperte,
1727 2849 2150 2919 tradiderunt.

490 2984 688 3077 Apud
714 2984 1032 3056 Gnaeos·
1012 2989 1304 3080 mprimis
1347 2982 1718 3073 Philosophi
1760 2981 1964 3048 Ionici
1997 2998 2150 3045 cum
2180 2963 2416 3043 fatalis-

335 3164 346 3189 Ι
402 3111 512 3158 mo
566 3093 1043 3182 pantheismum
1097 3094 1291 3165 simul
1345 3089 1783 3161 admittebant.
1848 3079 2179 3156 Materiam
2242 3085 2417 3149 enim
2483 3163 2490 3171 ⁸

403 3208 710 3270 {eternam
748 3203 941 3271 simul
989 3226 1142 3273 cum
1183 3202 1494 3295 principio
1536 3196 1929 3287 intelligente
1967 3195 2168 3285 ipsam
2204 3189 2419 3257 vivifi-

403 3449 536 3547 ..(1)
569 3450 698 3501 vide
731 3450 826 3500 in.
860 3450 1028 3500 Precis
1057 3448 1120 3499 de
1160 3447 1372 3500 Νιίείοίν
1344 3462 1400 3497 re
1438 3447 1504 3497 de
1541 3445 1593 3496 la
1624 3445 1712 3510 plu
1697 3441 1909 3508 icilosopl
1886 3456 1976 3504 2‚e
2003 3436 2184 3504 publii
2200 3450 2338 3502 pour
2370 3434 2419 3488 le

403 3511 600 3593 'solle'qe
631 3530 695 3579 de
714 3530 890 3595 luilly,
923 3532 1014 3580 et.
1051 3526 1201 3578 Ueber
1231 3527 1291 3577 di
1289 3540 1316 3578 e
1344 3525 1559 3592 Sprache
1586 3526 1691 3575 und
1715 3521 1800 3575 die
1827 3520 2061 3573 Weiske-it
2088 3516 2181 3568 der·
2219 3517 2330 3567 Indi
2328 3531 2413 3576 er,

397 3607 540 3662 aFr.
559 3609 809 3676 Schleqel,
838 3624 947 3673 quae
966 3609 1038 3659 ibi
1057 3623 1118 3660 ex
1129 3609 1267 3659 libris
1282 3609 1430 3659 sacris
1454 3608 1697 3658 Indorum
1718 3606 2022 3655 referuntur.
2033 3598 2239 3651 —vide
2262 3597 2414 3650 etiam

400 3688 505 3753 Syn
506 3702 608 3751 ops.
633 3692 687 3740 hi
689 3694 750 3741 s.t
776 3692 899 3754 phiL
919 3689 1115 3741 Pei-iod.
1139 3689 1182 3741 1.
1206 3690 1335 3740 Sect.
1360 3688 1561 3740 1.-11.
1589 3687 1721 3738 Phil.
1744 3685 1918 3736 Indor.

448 3780 534 3846 x(2)
568 3782 699 3847 Hug.
734 3783 1206 3834 Windischmanniz
1243 3782 1314 3833 De
1346 3780 1740 3848 Theoloqumenis
1768 3776 2026 3833 Indorum.

466 3873 533 3939 (3)
567 3876 697 3940 Anq.
720 3877 790 3930 du
806 3877 1034 3930 Pei-ron:
1059 3875 1314 3943 Theoloqia
1343 3879 1390 3929 et
1422 3873 1736 3939 Philosophia
1770 3869 1961 3957 Indioa.
2101 3938 2147 4011 3
2255 3873 2261 3876 '

580 3968 626 4018 11
