2988 4832
354 638 520 710 flam
551 654 736 707 suam
761 654 840 706 ex
881 630 1241 707 necessitate
1271 615 1751 728 'perfectissimoe
1784 642 1923 707 'stlte
1962 637 2255 716 uatum?
2280 644 2351 708 et

356 744 448 815 ibi
496 743 678 813 nulla
718 749 812 813 est
845 744 1104 813 ambitio
1147 742 1252 814 vel
1298 743 1593 835 superbia
1608 793 1630 822 ‚
1673 742 1788 812 ubi
1831 740 2011 811 nulla
2054 742 2352 835 recipitur

354 850 590 922 utilitas
615 871 692 919 ex
718 850 1075 941 cognitione
1101 850 1369 951 propriae
1393 868 1524 920 suae
1546 849 1789 941 gloriae,
1828 850 1923 918 uti
1942 849 1995 918 si
2015 848 2158 940 quis
2181 847 2351 921 bona

354 977 471 1027 sua
497 954 856 1025 manifestat
883 954 1019 1024 aliis
1035 1005 1053 1035 ,
1098 958 1173 1024 ut
1199 952 1272 1024 hi
1301 976 1378 1025 ex
1417 954 1497 1025 ea
1540 956 2040 1026 manifestatione
2068 955 2349 1049 aliquam

356 1060 691 1132 utilitatem
717 1058 995 1132 habeant
1014 1111 1031 1141 ,
1073 1057 1207 1154 ipse
1232 1080 1387 1132 vero
1426 1082 1505 1132 ex
1543 1056 1767 1133 eadem
1793 1060 2045 1132 realiter
2069 1066 2351 1155 acquirat

359 1168 567 1238 nihil=
601 1167 775 1258 atqui
812 1165 984 1236 Deus
1009 1166 1262 1238 realiter
1292 1166 1455 1238 nihil
1479 1169 1747 1261 acquirit
1780 1188 1992 1260 neque
2029 1186 2107 1237 ex
2132 1171 2353 1239 mani-

359 1275 682 1346 testatione
711 1292 974 1345 suorum
1004 1273 1449 1346 attributorum
1477 1294 1688 1368 neque
1709 1292 1790 1346 ex
1812 1274 2002 1348 laude
2028 1279 2096 1349 et
2134 1296 2351 1350 amore

360 1380 704 1453 hominum
729 1378 840 1459 [11.

447 1522 664 1620 Itaque
699 1522 845 1595 finis
876 1525 1327 1595 cuicreat10nis
1347 1528 1440 1595 est
1464 1522 1597 1618 ipsa
1620 1529 1926 1604 creatura,
1956 1520 2005 1595 i.
2032 1545 2095 1597 e.
2122 1529 2350 1621 praeci-

363 1626 487 1727 pue
518 1633 758 1715 homo;
799 1655 911 1703 seu
943 1631 1114 1702 Deus
1151 1632 1349 1701 libere
1388 1653 1612 1703 creans
1636 1628 1957 1703 mundum
1992 1656 2108 1726 per
2129 1658 2350 1709 neces-

365 1741 594 1810 sariam
614 1731 1651 1833 consequentermaniiestationem
1669 1739 2105 1824 suaebouitatis
2136 1744 2353 1816 inten-

369 1847 456 1918 dit
481 1848 728 1919 bonum
774 1853 1103 1920 creatura.

450 2004 675 2074 Senon.
723 2002 879 2085 Quae
916 2004 1244 2095 hucusque
1271 2003 1542 2071 diximus
1563 2052 1581 2080 ,
1631 2000 1711 2069 de
1747 2004 1870 2090 fine
1910 2004 2129 2070 ultimo
2173 1996 2354 2091 qene-

368 2113 495 2178 rali
535 2116 828 2179 omnium
855 2130 1075 2180 rerum
1097 2115 1453 2178 creatarum
1494 2107 1689 2178 simul
1722 2111 2122 2198 sumptarum
2151 2110 2356 2179 intel-

366 2217 620 2307 ligenda
665 2222 857 2296 sunt,
905 2238 1038 2286 non
1076 2238 1226 2285 vero
1255 2215 1334 2285 de
1360 2216 1507 2304 ‚fine
1557 2217 1842 2306 proximo
1884 2225 1948 2282 et
1994 2216 2355 2289 immediato

366 2320 726 2414 particulari
764 2322 1067 2413 cujusque
1106 2321 1202 2391 rei
1240 2322 1311 2390 in
1344 2320 1571 2414 specie.
1622 2318 1771 2389 Non
1799 2319 1976 2390 enim
2003 2322 2219 2393 omnia
2243 2345 2354 2394 eo-

371 2428 515 2499 dem
557 2429 750 2500 modo
812 2429 917 2499 vel
952 2428 1176 2498 eodem
1217 2427 1420 2520 gradu
1485 2426 1741 2496 easdem
1780 2424 1901 2495 Dei
1941 2428 2357 2519 perfectiones

369 2537 797 2615 manifestant,
841 2534 952 2604 sed
970 2555 1072 2605 res
1109 2535 1345 2625 quaevis
1389 2534 1618 2602 natura
1661 2533 1777 2602 sua
1829 2532 2030 2602 tendit
2074 2539 2357 2627 proxime

365 2642 448 2713 ad
488 2643 689 2712 finem
728 2643 1005 2735 aliquem
1055 2642 1427 2734 specialem,
1494 2644 1688 2733 quem
1732 2639 2138 2733 adimplendo
2189 2668 2358 2719 con-

284 2749 297 2816 ’.
353 2751 563 2820 currit
604 2750 688 2820 ad
742 2750 942 2820 finem
1004 2748 1390 2841 generalem.
1439 2743 1547 2818 Sic
1586 2768 1656 2817 v.
1706 2769 1774 2838 g.
1826 2750 1998 2819 entia
2033 2751 2359 2826 rationalia

368 2858 688 2949 speciatim
714 2862 778 2925 et
813 2857 1096 2951 proxime
1129 2855 1520 2927 destinantur
1557 2855 1802 2922 natura
1827 2866 1940 2924 sua
1962 2879 2095 2928 non
2117 2859 2350 2941 solum,

372 2968 443 3031 ut
472 2963 873 3037 manifestent
891 3011 911 3046 ,
958 2964 1196 3059 quoevis
1224 2964 1298 3035 in
1338 2983 1455 3035 suo
1484 2960 1899 3033 determinato
1917 2966 2122 3055 gradu
2147 3017 2167 3048 .
2206 2991 2355 3063 per·
2440 3037 2441 3040 ,

430 3225 499 3293 (1)
517 3226 579 3278 Et
597 3240 740 3293 vero,
764 3231 824 3281 ut
840 3227 1110 3279 absurditas
1134 3226 1283 3289 hujus
1312 3227 1599 3289 objectionis
1617 3239 1734 3279 vere
1753 3225 2050 3278 Voltarianae
2084 3224 2239 3290 magis
2270 3241 2357 3290 pa-

371 3298 496 3358 teat,
527 3300 829 3359 supponatur
865 3297 1039 3361 aliquis
1074 3299 1419 3363 patei-Familias
1453 3298 1724 3350 libeiorum
1760 3312 1963 3349 suorum
2003 3297 2359 3350 amantissimus

344 3367 562 3430 ‚proprio
581 3367 750 3417 labore
769 3368 1022 3420 instituere
1041 3382 1152 3421 suos
1179 3370 1385 3420 infantes
1401 3402 1422 3434 ‚
1444 3371 1657 3434 ipsisque
1680 3370 2041 3420 communicare
2072 3381 2182 3422 suas
2198 3370 2358 3422 varias

368 3440 590 3489 scientias
608 3439 861 3502 variasque
880 3443 1009 3490 artes
1037 3444 1089 3493 et
1115 3441 1373 3492 industrias
1386 3475 1405 3504 ‚
1428 3443 1522 3491 hoc
1541 3441 1639 3492 fine
1654 3469 1675 3505 ,
1694 3445 1751 3491 ut
1770 3441 1825 3491 hi
1852 3440 1931 3491 sui
1959 3440 2166 3490 infantes
2196 3439 2360 3504 ipsum

369 3511 427 3559 ut
454 3509 618 3560 virum
639 3520 756 3559 vere
788 3506 1078 3562 instructum
1111 3512 1266 3574 magis
1284 3514 1581 3562 venerentur
1600 3514 1652 3563 et
1683 3514 1741 3562 ut
1770 3525 1944 3561 eorum
1971 3510 2360 3564 amantissimum

369 3579 521 3644 magis
557 3579 699 3631 filiali
761 3591 930 3631 amore
967 3582 1219 3633 rednment
1247 3595 1262 3632 ε
1295 3581 1430 3633 haud
1459 3583 1693 3645 ignarus,
1719 3595 1807 3644 per
1837 3581 2118 3643 litummodi
2154 3597 2359 3635 venera-

369 3650 553 3702 tionem
574 3652 625 3700 et
643 3662 864 3702 amorem
882 3651 1134 3712 vinculum
1153 3653 1302 3705 totius
1321 3652 1518 3704 familiai
1541 3653 1698 3715 magis
1719 3652 1986 3715 constringi
2005 3655 2057 3704 et
2080 3654 2359 3707 felicitatem

367 3721 638 3776 liberorum
661 3722 834 3787 augeri
869 3725 922 3774 et
955 3723 1157 3774 stabiliri
1174 3723 1437 3776 u-Hunc
1415 3738 1524 3786 Jam
1550 3726 1742 3787 patrem
1772 3723 1977 3774 familias
2010 3724 2120 3789 quis
2141 3741 2358 3791 unquam

370 3795 680 3847 ambitiosum
691 3827 710 3862 ,
731 3794 997 3858 superbum
1014 3797 1095 3845 vel
1123 3796 1309 3857 proprii
1332 3795 1513 3845 amoris
1532 3794 1834 3856 mancipium
1854 3794 2131 3859 vituperare
2150 3799 2359 3860 audeat,

370 3876 481 3915 cum
501 3861 699 3929 omnia,
718 3879 825 3928 quae
847 3863 986 3929 facit,
1013 3865 1073 3915 ad
1094 3864 1353 3916 utilitatem
1372 3869 1423 3916 ct
1443 3866 1829 3916 emolumentum
1864 3862 2133 3929 liberorum
2154 3867 2326 3938 cedunt
2339 3901 2358 3930 ,

370 3930 469 3996 ipse
488 3936 638 3986 ctiam
657 3934 906 3990 veneratio
930 3901 986 3987 et,
1001 3947 1167 4002 amor,
1191 3949 1290 3999 quo
1309 3935 1453 3988 liberi
1472 3950 1588 3990 eum
1607 3938 1965 4001 prosequuntur
1977 3936 2006 3990 Ῥ
