2988 4832
347 582 515 659 norit
539 609 558 654 z
585 582 725 654 haec
751 586 945 678 porro
969 581 1092 653 alia
1125 605 1257 654 esse
1291 585 1512 675 nequit
1530 596 1558 663 ‚³
1597 604 1792 675 quam
1832 578 2213 650 absolutum.
2254 574 2348 648 Ex

345 692 671 765 ratiocinio
713 692 973 784 insuper
1009 697 1203 784 patet,
1238 696 1551 763 rationem
1584 714 1661 759 ex
1694 691 1922 760 natura
1956 691 2069 756 sua
2092 688 2175 756 ad
2201 689 2348 754 uni-

344 805 542 869 tatem
573 801 877 868 continuo
922 799 1225 890 eluctari:
1254 800 1462 868 unitas
1494 805 1708 868 autem
1738 794 2105 869 omnimoda
2140 794 2210 861 in
2246 815 2350 860 re-

344 906 548 976 lativis
575 928 706 975 esse
734 905 954 997 nequit
971 960 986 986 ‚
1038 930 1189 975 cum
1216 930 1408 975 omne
1436 908 1773 975 relativum
1800 901 2149 972 necessario
2181 898 2355 967 aliud

344 1016 635 1105 respiciat
678 1014 958 1105 adeoque
1006 1015 1372 1082 dualitatem
1415 1015 1717 1104 implicet.
1759 1011 1932 1101 Ergo
1972 1013 2198 1078 natura
2239 1029 2356 1074 ra·-

345 1121 533 1191 tionis
579 1123 845 1211 requirit
887 1122 1098 1190 ideam
1145 1123 1414 1195 absoluti
1453 1128 1527 1191 ut
1566 1121 2057 1190 fundamentum
2094 1137 2355 1184 suarum

345 1229 816 1320 operationum.

432 1368 490 1460 c)
535 1371 682 1438 Idea
723 1370 1019 1444 scientz‘ae»

431 1495 606 1565 Scire
628 1521 862 1591 nempe
885 1506 977 1566 est
1002 1498 1377 1588 cognitionis
1402 1522 1533 1567 suae
1559 1497 1855 1568 ultImam
1877 1500 2190 1566 rationem
2213 1495 2361 1564 red-

344 1602 540 1674 dere:
567 1606 676 1673 sed
704 1605 930 1672 ultima
973 1606 1130 1672 ratio
1174 1607 1353 1673 reddi
1383 1608 1633 1697 nequit,
1684 1611 1842 1698 quin
1884 1606 1965 1674 ad
2003 1606 2363 1674 absolutum

343 1713 789 1801 perveniatur3
838 1734 990 1780 cum
1014 1700 1015 1705 ἵ
1037 1734 1227 1780 omne
1245 1763 1262 1791 ,
1317 1710 1504 1802 quod*
1528 1714 1893 1780 ahsolutum
1939 1736 2074 1780 non
2106 1717 2231 1789 est,
2287 1708 2363 1778 sit

348 1820 685 1887 relativum
733 1826 796 1888 et
842 1818 1373 1897 conditionatum,
1427 1821 1600 1909 quod
1646 1820 2009 1886 absolutum
2058 1825 2364 1907 tanquam
2434 1877 2439 1885 .

350 1925 776 1995 conditionem
813 1933 876 1994 et
908 1928 1259 1996 terminum
1298 1927 1603 1993 ultimum
1645 1926 1968 1992 relationis
2014 1928 2363 1992 necessario

346 2035 792 2125 praesupponit.
827 2034 998 2126 Ergo
1027 2035 1162 2103 sine
1188 2034 1328 2103 idea
1353 2033 1623 2102 absoluti
1646 2032 1826 2099 nulla
1871 2033 2130 2101 scientia
2162 2033 2361 2124 possi-

350 2138 522 2207 bilis,
556 2138 840 2209 Demum

439 2271 499 2361 d)
543 2275 832 2338 Historia
862 2274 1284 2367 philosophice.

442 2401 811 2494 Philosophi
857 2405 1032 2471 enim
1079 2425 1304 2494 omnes
1347 2410 1456 2472 aut
1498 2406 1661 2474 nihil
1699 2407 1855 2492 certi
1896 2405 2274 2489 admittunt3
2309 2412 2371 2475 et

351 2514 500 2577 sunt
538 2510 827 2599 sceptici,
880 2510 960 2578 de
991 2511 1224 2602 quihus
1253 2534 1331 2579 ex
1371 2512 1550 2581 dictis
1590 2514 1772 2581 nobis
1811 2537 2021 2582 sermo
2062 2537 2194 2583 non
2236 2520 2367 2597 θεῖς
2421 2583 2422 2586 ,

354 2623 488 2685 aut·
510 2618 954 2686 certitudinem
998 2619 1281 2710 aliquam
1326 2620 1463 2688 dari
1512 2621 1792 2713 adeoque
1840 2622 2077 2710 aliquid
2116 2622 2375 2690 existere

352 2725 748 2818 eqxtendunt
765 2775 786 2803 ‚
837 2731 901 2792 et
943 2731 1085 2793 tum
1129 2728 1481 2795 necessario
1530 2748 1662 2795 esse
1711 2729 1966 2817 aliquod
2014 2728 2375 2797 absolutum

351 2831 639 2921 explicite
683 2831 791 2900 vel
836 2832 1140 2921 implicite
1184 2855 1526 2922 agnoscere
1570 2834 1845 2913 debent,
1899 2856 2050 2900 cum
2093 2836 2196 2902 vel
2243 2836 2382 2904 enti·

353 2937 906 3012 extra-mundano
948 2938 1053 3005 vel
1096 2939 1376 3005 materiae
1417 2938 1524 3006 vel
1570 2939 1771 3006 menti
1816 2961 1947 3008 suae
1985 2941 2388 3010 existentiam¹

357 3052 664 3116 aeternam
698 3052 761 3113 et
795 3067 834 3113 a
866 3067 930 3112 se
962 3045 1244 3138 adeoque
1289 3067 1421 3113 esse
1462 3044 1825 3114 absolutum
1868 3069 1980 3115 seu
2006 3070 2167 3126 esse,
2204 3049 2376 3139 quod

353 3176 396 3222 a
419 3154 602 3222 nullo
644 3154 766 3220 alio
797 3153 975 3220 sitae
1002 3153 1190 3243 proin
1231 3150 1316 3220 ad
1349 3153 1608 3221 nullum
1636 3153 1808 3226 aliud
1843 3155 2169 3235 referatur,
2207 3158 2379 3225 attri-

356 3260 557 3329 buere
590 3261 938 3329 necessario
969 3264 1332 3328 teneantur.
1372 3260 1455 3330 Et
1483 3283 1635 3330 vero
1665 3263 1719 3330 si
1750 3283 1790 3330 a
1815 3260 2026 3332 verbis
2054 3268 2118 3332 et
2145 3284 2184 3331 a
2202 3263 2380 3334 varia

241 3404 247 3408 ·
363 3368 763 3455 doncipiendi
796 3374 858 3434 et
886 3367 1281 3457 proponendi
1314 3368 1617 3437 methodo
1646 3368 2103 3448 abstrahamUS,
2139 3375 2201 3437 et
2227 3369 2379 3439 inti-

358 3496 540 3543 mam
602 3475 813 3542 solum
868 3479 1280 3562 systematum
1340 3475 1928 3567 philosophicorum¹
1973 3483 2268 3546 naturam
2313 3483 2382 3546 et

367 3582 548 3672 quasi
579 3582 915 3652 essentiam
942 3589 1443 3672 perscrutemur,
1491 3584 2089 3664 animadvertemuS,
2124 3588 2381 3678 excepta

361 3689 605 3758 theoria
635 3689 991 3770 creationis,
1020 3691 1268 3780 reliqua
1308 3696 1642 3779 systemata
1671 3693 1887 3762 omnia
1911 3692 2015 3761 vel
2040 3691 2121 3762 ad
2142 3694 2381 3785 scepti-

368 3795 648 3878 eismum
666 3799 769 3866 vel
807 3799 888 3866 ad
916 3798 1390 3888 pantheismum
1418 3800 1661 3875 referri,
1697 3798 1825 3868 sive
1852 3800 2030 3868 hunc
2061 3801 2209 3868 dein
2243 3823 2381 3870 ma-

367 3902 783 3980 terialismum
824 3910 955 3982 sive
992 3905 1380 3980 fatalismum
1408 3906 1538 3982 sive
1565 3909 2018 3984 casualismum
2048 3911 2175 3980 sive
2202 3930 2379 3986 ema·
2469 3989 2472 3992 ,
