2988 4832
1680 533 1811 598 172

734 614 880 740 gere
904 701 921 726 ,
943 741 947 745 ἢ
972 647 1061 718 ita
1080 610 1215 742 ipsa
1266 667 1429 741 quos
1466 607 1699 718 nervos
1735 653 1800 716 et
1825 632 2145 739 quomodo
2199 661 2458 714 movere
2488 641 2712 718 debeat
2731 614 2777 726 ,s

733 774 1111 848 cognoscere
1137 753 1368 838 debet;
1402 757 1581 847 atqui
1613 755 1681 824 id
1709 776 1844 825 non
1875 755 2199 849 cognoscit
2223 780 2245 834 ς
2271 775 2567 845 ergo...,..

661 1003 667 1007 .
816 911 901 983 R.
936 914 1010 983 C.
1035 872 1205 1001 Mai.
1242 918 1307 983 et
1331 914 1422 983 D.
1446 913 1616 985 Min.
1648 909 1889 1017 Anima
1911 932 2072 1002 quos
2093 929 2324 981 nervos
2345 915 2410 980 et
2429 928 2752 1001 quomode

675 1015 683 1023 ’
731 1043 987 1093 movere
1005 1021 1266 1101 debeat,
1299 1015 1436 1090 non
1479 1021 1806 1111 cognoscit
1831 1022 1994 1088 clare
2014 1031 2072 1087 et
2094 1020 2377 1086 distincte
2396 1068 2420 1098 ‚
2467 1019 2543 1087 C.
2573 1021 2751 1090 Min.

596 1161 600 1164 >
730 1123 879 1196 Non
894 1127 1220 1220 cognoscit
1234 1129 1488 1205 {obscure
1501 1139 1652 1194 etex
1665 1128 1844 1214 longo
1871 1126 2182 1204 exercitio,
2201 1126 2291 1195 N.
2306 1125 2475 1194 Min.
2490 1127 2553 1193 et
2564 1125 2752 1191 Cons.
2804 1162 2808 1169 -

731 1232 967 1302 Anima
981 1235 1159 1303 enim
1180 1233 1378 1326 longo
1406 1255 1532 1302 usu
1556 1230 1856 1312 addiscit,
1891 1254 2052 1324 quos
2083 1253 2316 1317 nervos
2340 1237 2405 1301 et
2425 1230 2753 1322 quomodo

730 1362 985 1410 movere
996 1339 1218 1411 debeat
1226 1340 1308 1410 ad
1318 1339 1761 1432 producendos
1774 1346 1986 1410 motus
1994 1339 2396 1410 desideratos,
2410 1337 2518 1407 Sic
2536 1337 2752 1430 pueri,

730 1450 977 1518 tametsi
998 1449 1294 1518 membra
1312 1448 1592 1541 corporis
1604 1451 1744 1539 jam
1768 1450 1913 1517 satis
1933 1448 2263 1518 efformata
2290 1445 2592 1525 habeant,
2613 1466 2755 1512 non
2851 1506 2859 1523 ,

731 1557 945 1625 tamen
961 1557 1172 1626 statim
1192 1577 1422 1641 omnes
1443 1555 1589 1625 illos
1610 1556 1890 1648 corporis
1907 1559 2119 1625 motus
2142 1574 2437 1626 exercere
2457 1557 2761 1646 possunt„

730 1661 959 1752 quibus
988 1662 1395 1754 postmodum
1419 1663 1629 1755 longo
1663 1685 1786 1732 usu
1815 1663 2121 1755 paulatim
2165 1668 2531 1732 assuescunt
2563 1687 2583 1731 z
2615 1662 2756 1730 imo

731 1766 848 1858 ipsi
872 1770 1063 1839 etiam
1094 1770 1296 1838 adulti
1329 1776 1542 1839 motus
1583 1771 1776 1861 paulo
1807 1771 2186 1840 difficiliores
2207 1823 2226 1851 ‚
2287 1770 2530 1861 linguae
2577 1788 2753 1860 prae-

731 1874 945 1944 sertim
964 1928 988 1958 ,
1016 1896 1329 1945 manuum
1353 1883 1418 1945 et
1435 1877 1678 1968 pedum
1697 1927 1716 1956 ,
1759 1878 2016 1946 nonnisi
2054 1869 2394 1968 multiplici
2431 1873 2755 1943 industria

731 1987 792 2050 et
818 1982 1063 2052 assidua
1084 1984 1522 2054 exercitatione
1545 1984 1794 2053 efficere
1817 1990 2126 2074 possunt,
2182 1990 2255 2054 ut
2281 1988 2540 2076 apparet
2566 2004 2634 2052 v,
2679 2006 2752 2073 g.

729 2087 797 2157 in
844 2076 957 2172 iis,
1014 2094 1127 2184 qui
1176 2093 1438 2162 musicae
1463 2106 1487 2173 ,’
1552 2093 1671 2161 arti
1718 2091 2102 2183 gladiatoriae
2121 2142 2144 2172 ,
2202 2089 2472 2160 saltandi
2496 2141 2513 2169 ‚
2581 2090 2751 2158 scri-

731 2195 923 2301 bendi
948 2206 1071 2270 etc.
1101 2253 1119 2281 ‚
1155 2186 1421 2292 operam*
1456 2205 1722 2293 navant.

743 2371 746 2374 ⁷
815 2350 978 2419 Inst.
1011 2352 1080 2418 2⁰
1106 2350 1306 2442 Atqui
1331 2351 1548 2422 anima
1569 2350 1826 2422 deberet
1854 2353 2025 2424 clare
2052 2356 2117 2423 et
2144 2351 2433 2422 distincte
2461 2321 2751 2444 cogno&

726 2480 872 2528 cere
888 2479 1119 2530 nervos
1134 2507 1159 2540 .
1186 2480 1346 2550 quos
1373 2480 1634 2530 movere
1655 2458 1878 2528 debeat
1899 2488 1920 2544 ς
1963 2483 2143 2534 secus
2167 2460 2453 2530 accidere
2476 2465 2702 2551 posset
2732 2512 2757 2539 ,

558 2589 568 2610 ·
673 2661 676 2668 .
730 2574 799 2635 ut
832 2567 1052 2638 volens
1078 2589 1335 2636 movere
1373 2567 1714 2636 brachium
1747 2576 2002 2639 moveat
2027 2569 2259 2661 pedem
2284 2620 2304 2648 ‚
2361 2569 2522 2637 sicut
2543 2590 2755 2658 orga-

729 2674 888 2741 nista
909 2724 927 2752 ,
960 2671 1081 2742 nisi
1097 2674 1396 2756 ,distincte
1420 2678 1641 2745 noscat
1668 2675 1901 2769 pinnas
1923 2728 1942 2757 ,
1980 2678 2130 2766 loco
2148 2690 2221 2748 uc
2249 2682 2454 2769 posset
2475 2682 2757 2766 tangere
2790 2704 2796 2711 ·

726 2784 817 2850 mi
830 2805 859 2862 ,-
896 2803 1050 2873 ergo
1057 2828 1195 2853 .....
1950 2794 1956 2802 ’

736 2942 743 2952 ’
813 2936 896 3008 R.
922 2940 1221 3016 N.¹Min.‘
1243 2942 1592 3032 suh-sumpt.
1614 2948 1678 3012 et
1693 2945 1843 3016 Rat.
1869 2944 2070 3011 addit.
2108 2941 2278 3012 Nam
2306 2942 2757 3035 quemadmo-

724 3043 884 3114 dum
906 3067 1159 3119 necesse
1188 3070 1322 3117 non
1348 3055 1443 3117 est
1466 3099 1487 3131 ‚
1525 3051 1698 3119 clare
1747 3054 1811 3119 et
1854 3049 2145 3119 distincte
2185 3072 2564 3141 cognoscere
2593 3054 2759 3120 sin-

671 3180 681 3192 ·
725 3150 910 3242 gulas
925 3152 1161 3224 litteras
1188 3154 1458 3247 alicujus
1474 3158 1674 3237 vociS,
1694 3163 1770 3225 ut
1780 3178 2008 3229 vocem
2032 3158 2236 3247 ipsam
2255 3157 2493 3248 legam,
2518 3159 2606 3227 ita
2632 3181 2758 3228 ne-

725 3280 895 3330 cesse
916 3281 1050 3330 non
1070 3268 1163 3329 est
1183 3263 1351 3332 clare
1374 3268 1439 3332 et
1459 3262 1748 3333 distincte
1769 3285 2154 3355 cognoscere
2182 3261 2468 3356 singulos
2502 3287 2762 3338 nervos

723 3366 1001 3458 corporis
1010 3417 1037 3450 ,
1057 3372 1134 3436 ut
1154 3390 1383 3472 corpus
1403 3421 1425 3452 ,
1448 3371 1556 3443 vel
1576 3371 1861 3465 singulos
1881 3395 2111 3443 nervos
2133 3373 2412 3443 membri
2431 3374 2764 3466 alicuius:

723 3492 799 3545 ut
818 3473 943 3544 hoc
963 3475 1331 3546 membrum
1352 3500 1674 3549 moveam.
1705 3475 1954 3572 Nempe
1983 3480 2051 3551 vi
2080 3486 2144 3550 et
2164 3476 2471 3551 'efficaciae'
2499 3483 2759 3553 volun-

724 3576 866 3648 tatis
892 3603 1025 3650 non
1044 3584 1255 3653 solum
1270 3585 1636 3677 explicitum
1657 3585 1978 3677 objectum
2001 3587 2340 3677 voluntatis
2362 3642 2382 3670 ,
2408 3588 2523 3658 sed
2545 3591 2756 3662 etiarn

724 3706 800 3753 ea
831 3689 1043 3756 omnia
1069 3690 1349 3785 snbjecta
1369 3696 1560 3771 sunt,
1610 3715 1754 3782 qum
1777 3694 2082 3785 implicite
2122 3701 2186 3766 et
2228 3694 2542 3767 indivulse
2581 3720 2760 3772 cum

725 3792 968 3884 objecto
1008 3798 1295 3889 explicito
1338 3805 1830 3871 connectuntur.
1881 3800 2082 3874 Sicuti
2133 3806 2358 3894 enim«,
2378 3801 2394 3814 ‘
2409 3826 2561 3874 cum
2598 3807 2759 3877 vim

726 3899 1054 3980 motricem
1083 3905 1389 3986 admoveo
1414 3911 1632 3986 currui
1656 3963 1676 4002 ,
1704 3910 1856 3992 huic
1877 3914 1944 3989 vi
1969 3931 2121 3993 cum
2145 3935 2341 3992 curru
2368 3914 2559 3990 etiam
2577 3921 2758 4027 rotae
