2988 4832
1525 463 1649 534 152

571 587 960 670 oritur‘t'se'n
997 586 1212 662 modo
1234 582 1428 678 plane
1474 572 1722 654 diverso
1742 583 1789 662 ξ’·
1820 573 2054 674 nem'pe
2083 580 2218 675 ipsa
2243 601 2357 674 per
2388 601 2577 653 crea-
2610 642 2615 653 .

571 700 812 771 tionem
830 746 850 777 ,
882 717 1110 788 corpus
1125 716 1240 786 per
1257 693 1731 785 generationem
1754 742 1772 769 ‚
1806 693 1879 761 C.
1904 693 2073 763 Min.
2094 688 2341 763 Eodem
2354 690 2570 769 modo,

540 809 662 883 „N.
694 807 864 876 Min.
912 809 976 874 et
1020 804 1176 874 hine
1220 804 1399 872 Cous.
1460 800 1672 872 Omne
1724 798 1897 891 quod
1941 821 2058 890 per
2100 800 2578 890 generationem

506 912 525 980 ἓ
572 916 772 984 oritur
794 963 816 993 .
854 912 1277 1004 compositum
1297 915 1428 988 est,
1466 896 1544 979 ae
1576 909 1765 1000 proin
1783 908 1993 1001 perire
2021 912 2229 999 potest
2248 928 2364 999 per
2385 905 2580 976 disso-

569 1021 930 1100 lutionem.
984 1022 1165 1111 eujus
1200 1019 1360 1088 ratio
1397 1018 1721 1088 sufficiens
1767 1017 1840 1087 in
1875 1015 2119 1086 viribus
2164 1020 2411 1085 naturae
2445 1036 2583 1085 esse

570 1135 819 1222 potest:
870 1151 987 1199 ens
1025 1128 1291 1220 simplex
1329 1149 1528 1207 vero,
1590 1126 1691 1194 uti
1714 1124 1936 1194 anima
1952 1174 1975 1204 ‚
2020 1144 2156 1192 non
2189 1127 2391 1214 potest
2428 1123 2585 1191 oriri

576 1240 701 1308 nisi
720 1260 837 1330 per
867 1238 1253 1307 creationem
1278 1247 1305 1315 ,‘
1349 1257 1425 1306 ae
1446 1234 1636 1327 proin
1669 1254 1878 1323 neque
1913 1232 2170 1301 interire
2193 1232 2317 1299 nisi
2333 1253 2447 1322 per
2467 1252 2587 1299 an·-

573 1345 1012 1415 nihilationem
1038 1397 1056 1424 ,
1113 1347 1294 1436 cujus
1334 1344 1493 1412 ratio
1536 1342 1855 1412 sufficiens
1884 1362 1962 1410 ex
1983 1339 2352 1432 probatione
2394 1339 2584 1411 allata

573 1456 806 1522 omnes
826 1454 993 1524 vires
1022 1457 1261 1522 creatas
1285 1455 1567 1544 superat.

660 1592 821 1659 Inst.
845 1589 915 1658 20
936 1588 1033 1659 Ex
1054 1588 1243 1659 variis
1270 1587 1531 1667 morbis,
1565 1605 1798 1678 quinus
1821 1607 2049 1679 corpus
2077 1584 2350 1655 afficitur
2366 1637 2387 1660 .
2413 1607 2586 1656 reete

574 1698 935 1790 colligitur,
989 1695 1150 1765 illud
1170 1717 1302 1765 esse
1324 1695 1555 1765 natura
1583 1696 1698 1764 sua
1725 1696 2040 1776 mortale,
2020 1724 2040 1738 ·
2081 1716 2234 1787 ergo
2271 1716 2313 1762 a
2338 1694 2476 1770 nari
2506 1715 2588 1764 ex

572 1806 763 1874 variis
785 1800 1262 1896 aegritudinibus
1289 1805 1525 1874 animae
1548 1802 1720 1872 idem
1742 1802 1954 1894 colligi
1974 1807 2200 1894 potest.

605 1935 755 2012 R.
790 1942 863 2012 C.
895 1943 1047 2010 Ant.
1081 1943 1171 2012 N.
1201 1944 1381 2012 Com.
1406 1947 1470 2011 et
1490 1945 1686 2032 parit.
1713 1940 2100 2034 Disparitas’
2080 1966 2151 2011 1n
2175 1963 2251 2012 eo
2272 1948 2385 2023 est,
2379 1935 2590 2036 quod

574 2040 787 2121 morbi
815 2053 1093 2145 corporis
1116 2051 1394 2123 tendunt
1419 2052 1503 2121 ad
1532 2051 2004 2121 dissolutionem
2025 2051 2301 2145 partium
2339 2059 2403 2123 et
2435 2076 2590 2124 cum

475 2218 478 2227 .
577 2181 808 2252 eorpus
838 2158 1148 2229 dissolutis
1180 2157 1462 2251 partibus
1481 2160 1793 2240 intereat,
1834 2165 2007 2249 recte
2037 2183 2114 2230 ex
2153 2161 2394 2232 morbis
2436 2185 2591 2232 cor-

448 2341 452 2345 ,
574 2267 950 2360 ruptibilitas
976 2273 1040 2336 et
1061 2268 1347 2337 interitus
1367 2267 1648 2360 corporis
1675 2268 2012 2360 arguitur;
2057 2276 2280 2339 contra
2320 2273 2591 2364 aegritu-

576 2373 759 2445 dines
778 2375 1013 2447 animae
1037 2380 1367 2468 nequeunt
1393 2375 1490 2445 illi
1513 2376 1841 2445 interitum
1865 2375 2092 2446 afferre
2118 2429 2137 2457 ‚
2167 2398 2318 2448 oum
2337 2377 2583 2457 anima,

575 2489 650 2552 ut
667 2490 881 2575 pereat
901 2535 918 2563 ,
956 2506 1093 2553 non
1137 2484 1436 2565 dissolvi,
1471 2483 1586 2554 sed
1618 2484 1962 2553 annihilari
2011 2484 2234 2555 debeat
2249 2511 2277 2567 ,-
2322 2486 2599 2562 aeszritu-

576 2591 756 2718 dines
775 2597 991 2661 autem
1010 2593 1143 2661 vim
1168 2591 1569 2661 annihilandi
1593 2592 1665 2661 in
1694 2614 1920 2690 senon
1942 2592 2244 2664 habeant.

581 2821 608 2831 ..
671 2731 846 2804 OBJ.
895 2734 963 2803 2⁰
1009 2734 1251 2805 Saltem
1281 2735 1500 2804 anima
1543 2734 1862 2806 destructo
1903 2760 2164 2829 corpore
2216 2759 2354 2808 non
2392 2746 2595 2833 potest

575 2844 775 2912 vivere
794 2864 908 2913 seu
938 2844 1333 2937 operationes
1357 2842 1578 2913 vitales
1602 2864 1916 2913 exercere.
1956 2837 2182 2914 Nam
2162 2866 2234 2913 m
2264 2845 2340 2914 iis
2358 2846 2596 2939 pendet

580 2973 623 3018 a
651 2972 960 3074 eorpore3
1006 2952 1180 3044 viget
1211 2973 1288 3021 eo
1327 2952 1631 3046 vigente,
1678 2950 1890 3021 deficit
1937 2974 2013 3022 eo
2065 2951 2450 3034 deficiente,
2498 2954 2597 3023 uti

583 3063 747 3149 patet
794 3058 868 3128 in
917 3057 1207 3151 deliquiis
1233 3063 1410 3137 eto.,
1448 3059 1523 3127 in
1567 3056 1801 3150 quibus
1823 3058 2173 3151 nequidem
2209 3062 2309 3133 sui
2343 3060 2597 3134 conscia

575 3171 716 3249 θείς
764 3186 921 3258 ergo
943 3164 1198 3258 proprie
1219 3166 1596 3238 immortalis
1616 3189 1756 3239 non
1781 3173 1911 3248 est.

589 3301 594 3306 ’
668 3303 751 3375 R.
781 3304 871 3373 N.
904 3303 1055 3376 Ant.
1079 3301 1187 3372 Ad
1201 3302 1387 3395 prob.
1416 3305 1505 3374 D.
1532 3305 1687 3374 Ant.
1716 3303 1793 3374 In
1815 3306 2284 3397 operatIonibus
2303 3297 2604 3381 vitalibus
2642 3323 2652 3342 ‘

579 3412 797 3479 anima
837 3410 1073 3501 pendet
1115 3432 1157 3478 a
1213 3433 1476 3503 corpore
1516 3436 1603 3481 ex
1649 3424 1884 3481 natura
1929 3427 2046 3484 sua
2064 3468 2086 3497 ,
2137 3418 2225 3487 N.
2263 3419 2419 3490 Ant.
2479 3421 2602 3486 Ex

583 3519 803 3588 unione
830 3541 968 3586 cum
1000 3541 1245 3609 corpore
1264 3570 1284 3598 ,
1324 3520 1640 3610 quamdiu
1691 3521 1835 3592 haeo
1879 3522 2070 3595 durat
2097 3577 2114 3604 ,
2150 3525 2340 3595 Subd.
2378 3525 2455 3596 ln
2485 3527 2606 3596 ali-

577 3626 852 3717 quibus,
885 3626 962 3697 C.
986 3627 1143 3699 Ant.
1177 3624 1255 3699 In
1280 3627 1582 3700 omnibus
1614 3634 1679 3700 et
1698 3618 1992 3724 semper,
2023 3635 2116 3705 N.
2151 3634 2310 3709 Ant.
2347 3640 2409 3703 et
2438 3634 2603 3703 hine

585 3741 769 3816 Com.
809 3740 991 3815 Certe
1026 3765 1106 3817 ex
1151 3766 1229 3815 eo
1251 3795 1273 3826 ,
1322 3745 1494 3838 quod
1538 3748 1757 3817 anima
1779 3754 2003 3819 nostra
2038 3748 2384 3841 aliquando
2424 3749 2601 3817 defi-

577 3850 787 3925 ciente
826 3872 1090 3940 corpore
1138 3854 1227 3926 ad
1270 3858 1523 3944 stupore
1656 3862 1722 3926 et
1773 3857 2140 3947 letbargum
2184 3857 2533 3929 deducatur
2553 3906 2574 3930 ‚
