2988 4832
1592 504 1726 574 296

1321 725 1324 726 ⁷
1352 733 1990 818 OBJEGTIONES.

738 951 886 1025 124.
938 955 1108 1030 OBJ.
1171 962 1237 1031 1⁰
1282 959 1419 1034 Sub
1446 966 1640 1037 unico
1670 974 1816 1039 ente
1842 969 2097 1045 summe
2120 967 2295 1048 bono
2319 981 2383 1049 et
2406 983 2660 1074 provido

642 1061 824 1131 nulla
847 1070 1007 1136 ratio
1047 1071 1230 1141 reddi
1271 1079 1473 1165 potest
1505 1078 1828 1147 malorum
1863 1082 2118 1153 mundi.
2150 1082 2322 1157 Nam
2363 1088 2540 1162 Deus
2560 1101 2660 1161 aut

640 1169 771 1235 vult
799 1172 1024 1243 tollere
1040 1179 1250 1259 mala,
1291 1186 1356 1249 et
1396 1206 1521 1249 non
1541 1197 1755 1273 potest,
1788 1192 1853 1256 et
1884 1194 1979 1258 est
2002 1190 2379 1276 imbecillis3
2411 1205 2525 1268 aut
2541 1226 2657 1289 po·-

638 1284 771 1355 test,
807 1284 873 1347 et
904 1305 1027 1350 non
1056 1290 1210 1367 vult,
1238 1292 1301 1356 et
1328 1310 1465 1357 non
1492 1296 1587 1359 est
1606 1291 1856 1375 bonus;
1890 1302 2003 1367 aut
2027 1321 2134 1366 nec
2151 1313 2345 1390 potest
2372 1325 2482 1373 nec
2509 1310 2653 1387 vult,

636 1389 700 1464 et
743 1405 879 1455 non
922 1396 1015 1458 est
1053 1391 1274 1476 Deus;
1314 1418 1471 1489 ergo
1510 1400 1616 1468 vel
1658 1400 1786 1469 duo
1813 1400 2321 1477 Manichaeorum
2356 1413 2652 1507 principia

567 1558 571 1562 .
634 1489 985 1574 admittere,
1029 1501 1134 1570 vel
1163 1524 1316 1571 cum
1358 1505 1562 1575 atheis
1601 1505 1839 1591 Deum,
1874 1511 1983 1582 vel
2015 1534 2170 1584 cum
2204 1515 2414 1588 deistis
2446 1523 2646 1613 provi-

634 1590 924 1671 dentiam
955 1628 1194 1698 negare
1224 1609 1558 1684 debemus.

720 1751 801 1832 R.
853 1756 916 1824 1ο
947 1758 1037 1827 N.
1073 1759 1217 1828 Ass.
1250 1758 1420 1830 Nam
1449 1764 1735 1855 aliquam
1765 1769 2089 1862 malorum
2121 1775 2433 1845 rationem
2455 1779 2657 1850 reddi·

629 1856 843 1928 dimus
868 1863 938 1929 in
964 1867 1402 1940 ‘propositione
1427 1873 1830 1942 nraecedenti.
1963 1891 1967 1896 ’

717 2008 799 2079 R.
838 2010 905 2078 2⁰
944 2010 1061 2083 ΤΑ
1092 2013 1337 2082 Asserto
1365 2018 1455 2087 N.
1477 2015 1679 2090 cons.
1721 2020 1891 2093 Nam
1921 2027 2036 2097 cisi
2063 2030 2316 2102 nullam
2341 2035 2652 2107 rationem

624 2116 946 2189 malorum
994 2121 1189 2192 redde
1201 2147 1272 2192 re
1334 2123 1662 2215 possemus
1681 2181 1696 2206 ‚
1757 2153 1894 2202 non
1950 2144 2284 2229 propterea
2330 2142 2501 2215 athei
2554 2147 2653 2217 vel

623 2226 834 2297 deistae
895 2251 1154 2299 causam
1212 2232 1542 2304 vicissent.
1597 2234 2045 2311 Demonstrat&
2101 2247 2278 2316 enim
2331 2251 2650 2325 existenti&n

625 2333 742 2404 Dei
788 2338 980 2407 unius
1032 2343 1094 2407 et
1147 2331 1536 2411 absurditate
1581 2342 1862 2418 duorum
1902 2347 2109 2422 Manis
2152 2358 2609 2450 principiorum
2624 2416 2640 2441 ,

620 2442 768 2512 licet
791 2442 1195 2515 'difficultates
1216 2470 1441 2518 omnes
1462 2452 1709 2521 solvere
1741 2478 1877 2524 non
1902 2480 2251 2550 possemUS,
2283 2465 2350 2535 id
2381 2491 2520 2538 non
2545 2472 2646 2539 in-

622 2548 984 2619 firmitatem
1028 2555 1467 2644 propositionis
1516 2557 1666 2628 dem
1675 2569 1991 2670 onstrafae,
2041 2570 2152 2641 sed
2194 2571 2407 2646 solum
2447 2577 2652 2651 imbe-

620 2655 943 2725 cillitatem
966 2661 1200 2728 mentis
1223 2668 1462 2732 nostrae
1490 2670 1955 2760 comprobaret.
1981 2673 2267 2750 Demum

704 2800 787 2873 R.
838 2804 907 2874 3⁰
956 2808 1060 2873 Ad
1103 2811 1252 2881 Rat.
1285 2814 1489 2882 addit.
1539 2822 1715 2887 Deus
1743 2827 1912 2892 mala
1941 2831 2348 2922 metaphyszca
2379 2858 2503 2908 nec
2523 2862 2641 2933 po-

618 2909 739 2992 tuit
772 2933 894 2981 nec
922 2916 1123 2984 voluit
1148 2919 1388 3000 tollere,
1424 2918 1578 2992 cum
1607 2945 1893 3000 creatum
1919 2956 2053 3004 esse
2077 2940 2212 3009 sine
2233 2945 2406 3014 malo
2426 2954 2642 3018 meta-

618 3016 888 3108 physico
926 3022 1231 3114 implicet,
1275 3048 1397 3097 nec
1423 3036 1755 3124 propterea
1792 3037 1966 3110 Deus
1989 3044 2324 3118 imbecillis
2345 3057 2458 3129 est,
2490 3054 2640 3145 quia

603 3128 1049 3216 'repugnantia
1084 3130 1291 3202 facere
1333 3139 1581 3228 nequit.
1621 3145 1806 3214 Mala
1825 3149 2083 3239 physica
2122 3155 2331 3225 stricte
2363 3157 2637 3249 loquen-

614 3230 718 3311 do,
768 3233 867 3301 uti
913 3240 977 3303 et
1019 3239 1194 3307 mala
1233 3247 1502 3315 moralia
1528 3257 1737 3341 posset
1773 3255 2034 3344 quidem
2074 3259 2248 3332 Deus
2274 3266 2494 3337 tollere
2533 3271 2633 3340 vel

615 3341 971 3434 impedire,
990 3346 1101 3415 sed
1130 3354 1338 3440 potest
1363 3354 1590 3427 eadem
1615 3360 1790 3432 salve
1814 3362 2092 3439 bonitate
2116 3372 2233 3440 suti
2259 3375 2450 3445 etiam
2477 3399 2633 3470 per-

698 3580 871 3654 oBJ.
907 3583 980 3653 2⁶
1022 3585 1090 3656 Si
1124 3587 1299 3660 Deus
1322 3594 1510 3663 bonus
1540 3604 1655 3678 est,
1695 3603 2018 3692 aequaliter
2043 3630 2260 3680 amare
2281 3610 2468 3684 debet
2488 3637 2628 3685 suas

616 3693 962 3774 creaturas..
996 3694 1198 3785 iisque
1222 3720 1447 3770 omnes
1469 3707 1883 3794 perfectiones
1908 3715 2206 3799 tribuere,
2233 3741 2378 3810 quae
2402 3744 2627 3795 earum

604 3803 853 3870 naturae
883 3805 1231 3874 convenire
1260 3817 1563 3898 possunt;
1605 3821 1665 3882 et
1697 3818 1750 3885 si
1768 3823 1978 3907 justus
2007 3830 2122 3904 est,
2156 3826 2426 3898 alterum
2452 3831 2623 3901 indi-

604 3904 867 3984 viduum
900 3907 981 3980 ab
1014 3910 1212 3987 altero
1247 3917 1375 3993 suis
1416 3918 1598 3993 donis
1639 3922 1994 4001 discernere
2023 3954 2157 4004 non
2187 3935 2417 4010 debet:
2450 3944 2621 4032 atqoe
