2988 4832
1258 509 1455 589 ,107
1568 529 1577 536 ·

380 635 435 704 si
452 629 760 704 electione
782 629 997 725 aliqua
1027 628 1227 712 factm·
1262 631 1456 703 rebus
1477 646 1779 724 prospere
1804 622 2291 702 suceedentibus
2315 626 2393 699 de

381 741 688 811 electione
709 738 827 810 sua
846 738 968 808 sihi
985 740 1411 831 grauxlaretur
1431 760 1707 830 eamque
1728 738 2090 832 approbans
2111 734 2396 807 similiter

377 852 453 919 in
488 853 816 940 posterum
854 866 924 917 se
969 853 1267 916 acturum
1289 849 1714 939 proponerem
1752 847 1825 915 in
1853 845 2130 916 adversis
2175 847 2399 915 contra

377 979 450 1027 se
484 958 807 1026 accusaret
843 954 1361 1046 electionemque⁵
1375 954 1611 1024 facum
1632 953 1999 1046 reprobaret
2024 957 2089 1023 et
2126 952 2197 1021 in
2242 970 2398 1046 pos-

377 1047 596 1135 terum
622 1061 823 1133 vitare
853 1065 1172 1132 statueret.
1204 1061 1404 1153 Atqui
1428 1077 1550 1131 nos
1578 1054 1924 1130 clarisslme
1951 1058 2399 1152 distinguimus

375 1190 493 1254 ea,
531 1190 678 1262 quae
715 1171 788 1240 in
815 1174 1113 1262 potestate
1169 1169 1383 1239 nostra
1423 1184 1562 1238 non
1611 1171 1764 1237 sunt
1784 1219 1802 1247 ,
1848 1166 1944 1236 uti
1988 1165 2273 1260 torqueri
2301 1166 2400 1237 siti

376 1279 493 1349 vel
517 1278 688 1347 fame
711 1327 729 1356 ‚
762 1275 845 1346 ab
902 1276 1008 1354 iis,
1052 1294 1197 1368 quoe
1238 1272 1321 1343 ab
1365 1274 1625 1344 arbitrio
1670 1279 1893 1344 nostro
1921 1274 2242 1369 pendent,
2304 1276 2399 1346 uti

372 1406 447 1455 v·
485 1408 555 1477 g.
617 1384 810 1453 etiam
844 1385 917 1451 in
965 1382 1064 1452 siti
1088 1434 1105 1460 ,
1150 1382 1370 1452 hibere
1403 1384 1510 1451 vel
1559 1399 1698 1450 non
1734 1382 1977 1452 bibere.
2024 1374 2349 1451 Sentimus
2375 1433 2391 1461 ,

376 1493 577 1563 etiam
623 1491 918 1560 maximis
965 1489 1217 1559 motivis
1267 1490 1636 1589 propositis,
1686 1488 1741 1559 si
1792 1490 2088 1581 agimuS,
2141 1489 2229 1557 ita
2282 1508 2400 1557 nos

372 1622 574 1691 agere
594 1650 614 1680 ‚
655 1605 730 1668 ut
753 1599 1066 1692 possimus
1094 1599 1287 1667 etiam
1324 1620 1459 1668 non
1487 1621 1701 1688 agere.
1751 1595 2167 1667 Gratulamur
2214 1595 2400 1664 nobis

373 1733 547 1801 saepe
568 1759 586 1791 ,
637 1688 801 1800 saepe
848 1707 1120 1777 fortassis
1165 1709 1356 1776 etiam
1393 1727 1770 1776 accusamus
1814 1727 1934 1774 nos
1974 1704 2055 1773 de
2094 1705 2398 1774 electione

373 1816 577 1895 sacta,
614 1821 677 1885 et
693 1816 874 1907 juxta
913 1814 1107 1906 hujus
1158 1837 1522 1884 successum
1546 1835 1664 1906 pro
1707 1810 1921 1882 futuro
1953 1812 2395 1904 proponimus,

372 1920 555 2014 Ergo
575 1947 692 2015 per
717 1945 977 1992 sensum
991 1923 1474 2012 intimumbcerti
1490 1916 1843 2001 reddimur,
1871 1942 1990 1993 nos
2010 1940 2142 1990 esse
2168 1914 2400 1991 liberos

376 2035 448 2098 et
474 2030 736 2124 quidem
755 2026 1041 2100 libertate
1064 2026 1536 2108 indifferentiae-2

469 2214 535 2305 d)
573 2210 647 2283 Si
682 2212 1042 2282 libertatem
1088 2211 1322 2282 mentis
1363 2217 1596 2282 nostrae
1639 2234 1757 2305 per
1800 2230 2059 2283 sensum
2099 2211 2401 2283 intimum

369 2336 520 2390 non
548 2340 1099 2412 cognosceremus,
1145 2342 1228 2389 ne
1262 2319 1473 2389 ideam
1506 2318 1768 2412 quidem
1807 2310 2109 2389 libertatis
2151 2318 2400 2389 indiffe-

373 2428 606 2498 rentiae
637 2428 874 2498 habere
909 2451 1259 2523 possemus·
1290 2425 1533 2499 Omnes
1555 2427 1732 2500 enim
1750 2427 2146 2521 'cognitiones
2180 2431 2400 2521 acqui-

368 2535 586 2607 rimus
612 2537 717 2607 vel
752 2539 1113 2608 immediate
1143 2559 1258 2631 per
1290 2539 1612 2609 rationem
1648 2538 1755 2608 vel
1782 2537 2053 2607 mediate
2093 2560 2208 2630 per
2251 2560 2401 2607 sen-

374 2663 492 2713 sus
518 2670 537 2713 ε
564 2645 740 2736 atqui
763 2646 920 2715 ratio
943 2646 1143 2716 solam
1167 2643 1377 2717 ideam
1400 2664 1494 2715 τοῦ
1519 2665 1637 2716 esse
1656 2644 2018 2738 simpliciter
2039 2639 2402 2715 immediate
2525 2649 2531 2660 ’

371 2752 673 2843 percipit,
699 2754 794 2821 uti
816 2751 986 2822 infra
1006 2752 1363 2824 videbimus
1388 2751 1473 2847 (1)
1500 2779 1517 2836 ς
1548 2771 1665 2847 per
1686 2774 1908 2824 sensus
1929 2775 2081 2824 vero
2111 2758 2402 2824 externos

373 2857 595 2926 ideam
640 2855 944 2929 libertatis
979 2861 1305 2952 acquirere
1342 2866 1437 2930 est
1468 2857 1855 2952 impossibile
1891 2887 1908 2930 ε
1940 2857 2012 2928 hi
2051 2862 2226 2930 enim
2266 2879 2401 2930 non

255 3007 260 3014 ·
376 2967 674 3035 referunt
700 2968 822 3036 nisi
857 2973 1073 3037 actum
1107 2969 1443 3060 physicum
1472 2975 1830 3051 externum,
1860 2987 2175 3062 non—vero
2203 2973 2404 3042 natu-

377 3094 529 3143 ram
558 3075 756 3167 hujus
783 3075 1007 3160 actfis.;
1043 3097 1307 3168 erga...

469 3251 545 3321 2⁰
587 3248 692 3320 Ex
732 3267 961 3321 mvms
1002 3265 1357 3322 ammons
1403 3249 1513 3345 (2).
1560 3250 1658 3324 Ea
1700 3247 1957 3326 libertas
2001 3253 2402 3344 agnoscenda

380 3366 481 3431 est
500 3410 520 3442 ,
552 3360 686 3452 qua
710 3361 943 3451 negata
969 3359 1213 3430 tollitur
1244 3359 1364 3430 Dei
1381 3361 1623 3452 justitia
1644 3369 1709 3434 et
1747 3362 1993 3432 bonitas
2029 3385 2045 3433 ε
2075 3361 2249 3455 atqui
2284 3381 2402 3434 ne·-

379 3466 534 3559 gata
560 3467 633 3540 in
654 3465 921 3543 homine
946 3467 1231 3543 libertate
1258 3461 1698 3548 indifferentiae
1723 3470 1985 3582 tollitur*

417 3725 420 3730 ’
453 3731 523 3800 (1)
545 3733 678 3789 Sect.
699 3737 750 3788 2.
785 3733 906 3801 Cap.
928 3731 1179 3793 1.‘Art.2.

451 3816 524 3890 (β)
554 3817 920 3884 Argumentum
960 3817 1055 3874 hoe
1100 3824 1174 3872 est
1207 3811 1425 3876 maxime
1474 3821 1647 3877 eontra
1677 3814 2068 3889 Lethaitzisnos.
2113 3818 2203 3891 qut
2239 3817 2402 3879 Deum
2480 3857 2486 3869 ι

384 3894 595 3963 eiusque
620 3897 880 3970 attributa,
900 3904 962 3955 ut
981 3897 1155 3968 religio
1181 3903 1349 3968 docet,
1380 3901 1532 3955 etiam
1562 3901 1893 3968 philosophico
1920 3905 2192 3958 assumunt.
