2988 4832
1304 576 1428 649 125

430 705 619 775 Proh.
661 705 729 775 2
771 708 1007 779 Anima
1048 710 1334 780 humana
1374 715 1468 779 est
1499 709 1902 783 essentialiter
1927 732 2121 806 capax
2157 712 2340 805 cogi-

339 811 561 881 tandi:
545 815 784 902 ·atqui
779 817 1058 887 materiae
1088 817 1490 887 essentialiter
1518 823 1833 910 repugnat
1855 820 2161 910 cogitare·
2188 842 2338 911 ergo

337 900 559 988 anima
586 925 680 988 est
708 923 1111 992 essentialiter
1137 924 1568 994 immaterialis
1601 946 1713 995 seu
1742 926 2028 1017 simplex.

432 1046 749 1117 Probatur
776 1052 1017 1123 Minor.

431 1184 514 1254 A.
571 1184 831 1255 Materia
858 1195 951 1257 est
975 1190 1377 1266 essentialiter
1397 1192 1778 1283 composita:
1801 1190 1974 1282 atqui
1997 1192 2339 1282 composito

335 1292 743 1361 essentialiter
773 1300 1084 1385 repugnat
1123 1298 1394 1391 cogitare
1424 1298 1471 1367 i.
1505 1321 1566 1368 e.
1614 1304 1973 1389 conceptus,
1999 1298 2237 1389 judicia
2273 1305 2338 1369 et

332 1399 661 1468 ratiocinia
701 1399 1017 1484 formare3
1061 1425 1214 1494 ergo
1260 1405 1540 1474 materioe
1581 1406 1984 1474 essentialiter
2026 1411 2340 1498 repugnat

333 1506 635 1597 cogitare.
674 1506 875 1600 Major
918 1513 1088 1602 patet
1112 1514 1179 1579 et
1213 1511 1563 1582 admittitur
1597 1511 1679 1581 ab
1721 1512 1868 1604 ipsis
1895 1511 2343 1583 materialistis.

377 1637 383 1643 ’
428 1645 620 1712 Prob.
652 1645 821 1717 Min.
860 1669 976 1740 per
1000 1654 1229 1740 partes,
1262 1654 1328 1720 et
1354 1647 1615 1754 quidem

424 1784 488 1875 α)
537 1784 869 1876 Cmnposito
917 1787 1311 1853 essentialiter
1348 1798 1647 1876 repuqnac
1685 1785 1809 1855 sive
1841 1778 2163 1856 idea'sive
2187 1791 2341 1857 eon-3

330 1905 555 1984 ceptus,
606 1914 715 1963 seu
758 1895 925 1961 notio
974 1905 1102 1962 tam
1152 1894 1365 1982 objecti
1409 1896 1722 1984 simplicis,
1775 1918 1956 1986 quam
2002 1877 2343 1986 compositis

327 2000 398 2070 N
400 2022 507 2069 am
527 2001 604 2069 sit
624 2002 885 2072 materia
906 2004 1247 2098 composita
1266 2024 1334 2073 v.
1355 2024 1422 2095 g.
1446 2024 1525 2072 ex
1545 2003 1743 2072 tribus
1763 2003 2066 2096 partibus.
2094 2026 2157 2074 a.
2186 2002 2243 2080 b.
2264 2027 2300 2072 e
2313 2022 2343 2077 .’

330 2107 497 2188 huic
524 2109 663 2197 jam
694 2116 1011 2201 repugnat

331 2224 334 2225 ⁷
431 2235 496 2302 1⁰
536 2236 706 2312 Idea,
740 2259 844 2302 seu
867 2237 1033 2303 notio
1062 2237 1275 2324 objecti
1301 2237 1614 2326 simplicis,
1653 2257 1719 2305 v.
1750 2258 1817 2327 g.
1850 2236 2166 2327 perceptio
2194 2232 2340 2305 uniss

329 2343 499 2422 tatis,
534 2344 667 2412 veri
688 2344 792 2412 vel
818 2343 1071 2435 pulchri
1097 2343 1480 2436 simpliciter,
1519 2342 1903 2433 nexus-inter
1924 2342 2333 2435 praedicatum

329 2457 402 2521 et
438 2451 814 2542 subjectum.
860 2449 1029 2520 Nam
1074 2451 1214 2521 idea
1256 2452 1396 2521 haec
1436 2456 1598 2522 esset
1643 2451 1748 2520 vel
1788 2463 1919 2520 tota.
1954 2453 2029 2519 in
2075 2454 2336 2541 singulis

327 2559 631 2649 partibus,
664 2565 727 2626 et
754 2568 894 2627 tum
922 2581 1056 2628 non
1084 2580 1238 2640 una,
1273 2559 1383 2628 sed
1411 2565 1538 2630 tres
1569 2564 1776 2629 essent
1802 2560 1982 2639 ideae.
2014 2580 2135 2628 nec
2164 2570 2339 2629 com-

329 2666 611 2756 positum
640 2689 749 2733 seu
783 2666 1065 2746 materia,
1099 2667 1211 2737 sed
1242 2673 1492 2736 tantum
1517 2673 1725 2757 partes
1750 2668 2065 2758 simplices
2090 2650 2341 2759 cogita-

328 2783 485 2843 rent
511 2795 621 2842 seu
647 2774 815 2842 ideas
841 2773 1196 2843 haberent.
1227 2775 1331 2844 vel
1362 2782 1520 2843 esset
1546 2778 1617 2842 in
1643 2784 1772 2842 una
1801 2799 1882 2841 ex
1908 2777 2003 2841 his
2020 2771 2347 2869 partibus·‚'

330 2885 403 2949 et
441 2887 580 2949 tum
622 2882 883 2950 materia
926 2886 1084 2950 esset
1127 2883 1358 2973 partim
1400 2883 1621 2960 activa,
1675 2882 1912 2972 partim
1944 2902 2093 2954 non
2136 2868 2340 2953 activa

333 3008 451 3056 seu
493 2989 588 3057 vis
628 2987 940 3079 cogitandi
981 2994 1139 3057 esset
1172 3010 1241 3057 v.
1284 3012 1350 3081 g.
1391 2989 1462 3056 in
1499 3013 1562 3067 a,
1609 3009 1743 3056 non
1770 3008 1922 3055 vero
1949 2986 2020 3053 in
2053 2987 2089 3054 l>
2120 2992 2185 3057 et
2213 3011 2248 3055 c
2273 2992 2340 3057 et

337 3093 494 3163 hinc
519 3115 651 3163 non
678 3097 939 3164 materia
966 3096 1284 3186 cogitaret,
1314 3093 1421 3163 sed
1450 3100 1701 3164 tantum
1719 3093 1829 3162 illa
1847 3114 1994 3186 pars
2013 3094 2294 3163 materiae
2310 3119 2332 3161 ε

334 3201 447 3269 vel
482 3202 745 3271 demum
769 3203 910 3271 idea
936 3208 1092 3272 esset
1131 3203 1331 3270 divisa
1370 3204 1442 3269 in
1479 3204 1739 3292 singulis
1768 3202 2071 3293 partibm,
2106 3207 2170 3273 et
2192 3207 2335 3270 tum

334 3309 480 3379 idea
500 3311 775 3389 unitatiS‚
810 3312 946 3380 veri
974 3311 1080 3380 vel
1109 3311 1310 3379 nexus
1337 3322 1480 3378 esset
1506 3313 1784 3401 simplex,
1810 3311 1958 3401 quia
1985 3308 2177 3379 dividi
2199 3328 2336 3378 non

334 3421 560 3508 potest.
597 3416 750 3497 Quis
781 3425 957 3487 enim
997 3440 1287 3510 unquam
1320 3418 1590 3508 cogitare
1623 3417 1740 3512 sihi
1773 3423 1973 3507 potest
2000 3416 2336 3486 dimidium

335 3524 445 3592 vel
478 3533 767 3615 quartam
804 3530 1053 3617 partem
1089 3526 1227 3595 veri
1261 3523 1367 3594 vel
1406 3526 1608 3594 nexus
1642 3528 1807 3594 inter
1844 3524 2253 3617 praedicatum
2276 3529 2344 3597 et

277 3673 282 3680 -
336 3632 744 3725 subjectum?
784 3632 868 3704 Et
890 3632 1083 3704 simul
1114 3656 1238 3703 non
1270 3644 1413 3704 esset
1446 3634 1724 3714 simvlex,
1755 3633 1905 3725 quia
1930 3653 2144 3726 reapse
2171 3632 2343 3717 exis-2

346 3865 483 3916 surde
500 3880 592 3933 qve
616 3865 737 3919 celle
751 3864 842 3919 des
860 3866 1155 3935 qe'ometres,
1179 3872 1229 3921 et
1254 3869 1305 3921 si
1320 3870 1424 3921 tout
1441 3869 1487 3921 le
1505 3868 1681 3920 monde
1699 3882 1733 3917 n
1735 3866 1808 3917 'en
1826 3868 1933 3919 sent
1946 3880 2042 3932 pas
2062 3860 2342 3925 l'e'videncei

346 3936 457 3987 cest
477 3951 628 4001 parce
646 3938 855 4006 queron
875 3940 959 3992 na
995 3956 1068 4007 pu
1096 3956 1161 3993 ou
1196 3956 1319 4012 que
1319 3943 1417 3997 l’on
1444 3942 1528 3995 n’a
1547 3942 1654 4010 poir
1639 3944 1692 3991 nt
1713 3938 1859 3993 voulu
1897 3938 2097 4022 s’dlever
2132 3952 2220 3994 au·
2199 3936 2342 3993 -detoe

343 4017 395 4069 i·
396 4032 488 4071 um
510 4018 834 4087 imaqination
849 4021 1149 4089 ρνοεειΗένε
