<?xml version="1.0" encoding="UTF-8"?>
<!DOCTYPE html PUBLIC "-//W3C//DTD XHTML 1.0 Transitional//EN"
    "http://www.w3.org/TR/xhtml1/DTD/xhtml1-transitional.dtd">
<html xmlns="http://www.w3.org/1999/xhtml" xml:lang="en" lang="en">
 <head>
  <title>
</title>
<meta http-equiv="Content-Type" content="text/html;charset=utf-8" />
  <meta name='ocr-system' content='tesseract 3.04.00' />
  <meta name='ocr-capabilities' content='ocr_page ocr_carea ocr_par ocr_line ocrx_word'/>
</head>
<body>
  <div class='ocr_page' id='page_1' title='image "./institutionesph00rothgoog/institutionesph00rothgoog_0017.png"; bbox 0 0 2988 4832; ppageno 0'>
   <div class='ocr_carea' id='block_1_1' title="bbox 1388 462 1433 533">
    <p class='ocr_par' dir='ltr' id='par_1_1' title="bbox 1388 462 1433 533">
     <span class='ocr_line' id='line_1_1' title="bbox 1388 462 1433 498; baseline 0 -7"><span class='ocrx_word' id='word_1_1' title='bbox 1388 462 1433 498; x_wconf 50' lang='grc' dir='ltr'><em>η</em></span> 
     </span>
     <span class='ocr_line' id='line_1_2' title="bbox 1398 508 1425 533; baseline 0 0"><span class='ocrx_word' id='word_1_2' title='bbox 1398 508 1425 533; x_wconf 66' lang='lat'>0</span> 
     </span>
    </p>
   </div>
   <div class='ocr_carea' id='block_1_2' title="bbox 402 580 2427 1547">
    <p class='ocr_par' dir='ltr' id='par_1_2' title="bbox 402 580 2427 1547">
     <span class='ocr_line' id='line_1_3' title="bbox 402 580 2420 684; baseline -0.008 -19"><span class='ocrx_word' id='word_1_3' title='bbox 402 584 820 684; x_wconf 61' lang='lat' dir='ltr'><strong>dualis‘nnne</strong></span> <span class='ocrx_word' id='word_1_4' title='bbox 845 591 996 669; x_wconf 61' lang='lat' dir='ltr'><strong>ost?</strong></span> <span class='ocrx_word' id='word_1_5' title='bbox 1028 584 1222 679; x_wconf 70' lang='lat' dir='ltr'><strong>possit</strong></span> <span class='ocrx_word' id='word_1_6' title='bbox 1252 605 1389 657; x_wconf 71' lang='lat' dir='ltr'><strong>esse</strong></span> <span class='ocrx_word' id='word_1_7' title='bbox 1416 587 1749 662; x_wconf 66' lang='lat' dir='ltr'><strong>autemus:</strong></span> <span class='ocrx_word' id='word_1_8' title='bbox 1782 580 2065 673; x_wconf 83' lang='lat' dir='ltr'><strong>adeoque</strong></span> <span class='ocrx_word' id='word_1_9' title='bbox 2091 600 2420 649; x_wconf 66' lang='lat' dir='ltr'><strong>necessario</strong></span> 
     </span>
     <span class='ocr_line' id='line_1_4' title="bbox 403 688 2423 785; baseline -0.006 -16"><span class='ocrx_word' id='word_1_10' title='bbox 403 707 474 769; x_wconf 81' lang='lat' dir='ltr'><strong>et</strong></span> <span class='ocrx_word' id='word_1_11' title='bbox 497 724 542 769; x_wconf 75' lang='lat' dir='ltr'><strong>a</strong></span> <span class='ocrx_word' id='word_1_12' title='bbox 562 722 625 768; x_wconf 71' lang='lat' dir='ltr'><strong><em>x</em></strong></span> <span class='ocrx_word' id='word_1_13' title='bbox 652 697 915 768; x_wconf 82' lang='lat' dir='ltr'><strong>existere</strong></span> <span class='ocrx_word' id='word_1_14' title='bbox 942 716 968 763; x_wconf 73' lang='grc' dir='ltr'><strong><em>ε</em></strong></span> <span class='ocrx_word' id='word_1_15' title='bbox 997 692 1057 785; x_wconf 78' lang='lat' dir='ltr'><strong>b)</strong></span> <span class='ocrx_word' id='word_1_16' title='bbox 1090 714 1181 763; x_wconf 90' lang='lat' dir='ltr'><strong>an</strong></span> <span class='ocrx_word' id='word_1_17' title='bbox 1204 696 1419 762; x_wconf 84' lang='lat' dir='ltr'><strong>motus</strong></span> <span class='ocrx_word' id='word_1_18' title='bbox 1447 690 1732 762; x_wconf 76' lang='lat' dir='ltr'><strong>materiae</strong></span> <span class='ocrx_word' id='word_1_19' title='bbox 1757 689 1838 759; x_wconf 82' lang='lat' dir='ltr'><strong>sit</strong></span> <span class='ocrx_word' id='word_1_20' title='bbox 1857 688 2207 760; x_wconf 82' lang='lat' dir='ltr'><strong>necessario</strong></span> <span class='ocrx_word' id='word_1_21' title='bbox 2227 692 2423 758; x_wconf 81' lang='lat' dir='ltr'><strong>aeter-</strong></span> 
     </span>
     <span class='ocr_line' id='line_1_5' title="bbox 404 793 2421 895; baseline -0.006 -19"><span class='ocrx_word' id='word_1_22' title='bbox 404 809 571 890; x_wconf 77' lang='lat' dir='ltr'><strong>nus3</strong></span> <span class='ocrx_word' id='word_1_23' title='bbox 622 809 689 877; x_wconf 89' lang='lat' dir='ltr'><strong>et</strong></span> <span class='ocrx_word' id='word_1_24' title='bbox 735 803 1006 877; x_wconf 84' lang='lat' dir='ltr'><strong>demum</strong></span> <span class='ocrx_word' id='word_1_25' title='bbox 1053 798 1107 895; x_wconf 81' lang='grc' dir='ltr'><strong>ο)</strong></span> <span class='ocrx_word' id='word_1_26' title='bbox 1156 819 1244 870; x_wconf 92' lang='lat' dir='ltr'><strong>an</strong></span> <span class='ocrx_word' id='word_1_27' title='bbox 1295 797 1520 869; x_wconf 87' lang='lat' dir='ltr'><strong>saltem</strong></span> <span class='ocrx_word' id='word_1_28' title='bbox 1559 795 2011 891; x_wconf 82' lang='lat' dir='ltr'><strong>praeextiterint</strong></span> <span class='ocrx_word' id='word_1_29' title='bbox 2050 793 2134 865; x_wconf 85' lang='lat' dir='ltr'><strong>ab</strong></span> <span class='ocrx_word' id='word_1_30' title='bbox 2184 800 2421 866; x_wconf 81' lang='lat' dir='ltr'><strong>oeterno</strong></span> 
     </span>
     <span class='ocr_line' id='line_1_6' title="bbox 405 899 2424 1001; baseline -0.007 -18"><span class='ocrx_word' id='word_1_31' title='bbox 405 912 726 983; x_wconf 85' lang='lat' dir='ltr'><strong>elementa</strong></span> <span class='ocrx_word' id='word_1_32' title='bbox 753 959 773 992; x_wconf 83' lang='lat'>,</span> <span class='ocrx_word' id='word_1_33' title='bbox 823 929 903 979; x_wconf 83' lang='lat' dir='ltr'><strong>ex</strong></span> <span class='ocrx_word' id='word_1_34' title='bbox 939 906 1172 1001; x_wconf 79' lang='lat' dir='ltr'><strong>quihus</strong></span> <span class='ocrx_word' id='word_1_35' title='bbox 1220 910 1632 999; x_wconf 87' lang='lat' dir='ltr'><strong>postmodum</strong></span> <span class='ocrx_word' id='word_1_36' title='bbox 1665 901 1949 973; x_wconf 87' lang='lat' dir='ltr'><strong>mundus</strong></span> <span class='ocrx_word' id='word_1_37' title='bbox 1974 901 2089 971; x_wconf 85' lang='lat' dir='ltr'><strong>iste</strong></span> <span class='ocrx_word' id='word_1_38' title='bbox 2117 899 2424 970; x_wconf 78' lang='lat' dir='ltr'><strong>formatus</strong></span> 
     </span>
     <span class='ocr_line' id='line_1_7' title="bbox 404 1005 2427 1103; baseline -0.007 -15"><span class='ocrx_word' id='word_1_39' title='bbox 404 1019 511 1089; x_wconf 89' lang='lat' dir='ltr'><strong>sit.</strong></span> <span class='ocrx_word' id='word_1_40' title='bbox 568 1016 726 1103; x_wconf 79' lang='lat' dir='ltr'><strong>Quae</strong></span> <span class='ocrx_word' id='word_1_41' title='bbox 750 1017 869 1086; x_wconf 88' lang='lat' dir='ltr'><strong>tria</strong></span> <span class='ocrx_word' id='word_1_42' title='bbox 884 1066 906 1093; x_wconf 88' lang='lat'><em>.</em></span> <span class='ocrx_word' id='word_1_43' title='bbox 950 1015 1007 1086; x_wconf 89' lang='lat' dir='ltr'><strong>si</strong></span> <span class='ocrx_word' id='word_1_44' title='bbox 1032 1014 1119 1084; x_wconf 88' lang='lat' dir='ltr'><strong>ita</strong></span> <span class='ocrx_word' id='word_1_45' title='bbox 1137 1014 1407 1082; x_wconf 81' lang='lat' dir='ltr'><strong>refutata</strong></span> <span class='ocrx_word' id='word_1_46' title='bbox 1436 1009 1677 1080; x_wconf 80' lang='lat' dir='ltr'><strong>fuerint</strong></span> <span class='ocrx_word' id='word_1_47' title='bbox 1702 1060 1721 1089; x_wconf 91' lang='lat'>,</span> <span class='ocrx_word' id='word_1_48' title='bbox 1760 1013 1835 1077; x_wconf 88' lang='lat' dir='ltr'><strong>ut</strong></span> <span class='ocrx_word' id='word_1_49' title='bbox 1855 1008 2050 1077; x_wconf 84' lang='lat' dir='ltr'><strong>etiam</strong></span> <span class='ocrx_word' id='word_1_50' title='bbox 2075 1005 2427 1099; x_wconf 86' lang='lat' dir='ltr'><strong>impossibi-</strong></span> 
     </span>
     <span class='ocr_line' id='line_1_8' title="bbox 402 1115 2424 1195; baseline -0.005 0"><span class='ocrx_word' id='word_1_51' title='bbox 402 1126 551 1195; x_wconf 83' lang='lat' dir='ltr'><strong>litas</strong></span> <span class='ocrx_word' id='word_1_52' title='bbox 572 1122 932 1195; x_wconf 83' lang='lat' dir='ltr'><strong>aeternitatis</strong></span> <span class='ocrx_word' id='word_1_53' title='bbox 948 1144 1062 1191; x_wconf 90' lang='lat' dir='ltr'><strong>seu</strong></span> <span class='ocrx_word' id='word_1_54' title='bbox 1084 1120 1355 1192; x_wconf 85' lang='lat' dir='ltr'><strong>aseitatis</strong></span> <span class='ocrx_word' id='word_1_55' title='bbox 1376 1117 1507 1187; x_wconf 84' lang='lat' dir='ltr'><strong>sive</strong></span> <span class='ocrx_word' id='word_1_56' title='bbox 1540 1115 1773 1187; x_wconf 88' lang='lat' dir='ltr'><strong>mundi</strong></span> <span class='ocrx_word' id='word_1_57' title='bbox 1799 1116 1932 1186; x_wconf 86' lang='lat' dir='ltr'><strong>sive</strong></span> <span class='ocrx_word' id='word_1_58' title='bbox 1960 1116 2424 1185; x_wconf 85' lang='lat' dir='ltr'><strong>elementorum</strong></span> 
     </span>
     <span class='ocr_line' id='line_1_9' title="bbox 406 1221 2424 1304; baseline -0.007 -1"><span class='ocrx_word' id='word_1_59' title='bbox 406 1231 640 1304; x_wconf 88' lang='lat' dir='ltr'><strong>mundi</strong></span> <span class='ocrx_word' id='word_1_60' title='bbox 674 1232 803 1301; x_wconf 80' lang='lat' dir='ltr'><strong>sive</strong></span> <span class='ocrx_word' id='word_1_61' title='bbox 847 1230 1062 1301; x_wconf 75' lang='lat' dir='ltr'><strong>motus</strong></span> <span class='ocrx_word' id='word_1_62' title='bbox 1089 1225 1311 1298; x_wconf 83' lang='lat' dir='ltr'><strong>aeterni</strong></span> <span class='ocrx_word' id='word_1_63' title='bbox 1338 1225 1709 1304; x_wconf 87' lang='lat' dir='ltr'><strong>illucescat,</strong></span> <span class='ocrx_word' id='word_1_64' title='bbox 1760 1222 1889 1292; x_wconf 88' lang='lat' dir='ltr'><strong>ruit</strong></span> <span class='ocrx_word' id='word_1_65' title='bbox 1928 1221 2424 1292; x_wconf 76' lang='lat' dir='ltr'><strong>fundamentum</strong></span> 
     </span>
     <span class='ocr_line' id='line_1_10' title="bbox 406 1329 2427 1421; baseline -0.005 -10"><span class='ocrx_word' id='word_1_66' title='bbox 406 1364 547 1411; x_wconf 88' lang='lat' dir='ltr'><strong>non</strong></span> <span class='ocrx_word' id='word_1_67' title='bbox 574 1339 783 1411; x_wconf 78' lang='lat' dir='ltr'><strong>Graeci</strong></span> <span class='ocrx_word' id='word_1_68' title='bbox 806 1344 1062 1408; x_wconf 85' lang='lat' dir='ltr'><strong>tantum</strong></span> <span class='ocrx_word' id='word_1_69' title='bbox 1090 1386 1110 1416; x_wconf 88' lang='lat'><strong>.</strong></span> <span class='ocrx_word' id='word_1_70' title='bbox 1145 1335 1261 1406; x_wconf 85' lang='lat' dir='ltr'><strong>sed</strong></span> <span class='ocrx_word' id='word_1_71' title='bbox 1288 1333 1500 1405; x_wconf 88' lang='lat' dir='ltr'><strong>omnis</strong></span> <span class='ocrx_word' id='word_1_72' title='bbox 1531 1331 1798 1402; x_wconf 86' lang='lat' dir='ltr'><strong>omnino</strong></span> <span class='ocrx_word' id='word_1_73' title='bbox 1825 1334 1900 1421; x_wconf 64' lang='lat' dir='ltr'><strong>{et</strong></span> <span class='ocrx_word' id='word_1_74' title='bbox 1935 1329 2427 1420; x_wconf 83' lang='lat' dir='ltr'><strong>quomodocun-</strong></span> 
     </span>
     <span class='ocr_line' id='line_1_11' title="bbox 406 1433 2174 1547; baseline -0.007 -25"><span class='ocrx_word' id='word_1_75' title='bbox 406 1474 537 1547; x_wconf 84' lang='lat' dir='ltr'><strong>que</strong></span> <span class='ocrx_word' id='word_1_76' title='bbox 559 1447 901 1520; x_wconf 86' lang='lat' dir='ltr'><strong>modificati</strong></span> <span class='ocrx_word' id='word_1_77' title='bbox 923 1445 1032 1518; x_wconf 80' lang='lat' dir='ltr'><strong>vel</strong></span> <span class='ocrx_word' id='word_1_78' title='bbox 1053 1441 1466 1517; x_wconf 86' lang='lat' dir='ltr'><strong>modificandi</strong></span> <span class='ocrx_word' id='word_1_79' title='bbox 1486 1433 1805 1513; x_wconf 75' lang='lat' dir='ltr'><strong>fatalismi.</strong></span> <span class='ocrx_word' id='word_1_80' title='bbox 1837 1436 2027 1509; x_wconf 88' lang='lat' dir='ltr'><strong>Unde</strong></span> <span class='ocrx_word' id='word_1_81' title='bbox 2047 1437 2127 1510; x_wconf 85' lang='lat' dir='ltr'><strong>sit</strong></span> <span class='ocrx_word' id='word_1_82' title='bbox 2154 1462 2174 1510; x_wconf 72' lang='grc' dir='ltr'><em>ε</em></span> 
     </span>
    </p>
   </div>
   <div class='ocr_carea' id='block_1_3' title="bbox 502 1618 2426 1696">
    <p class='ocr_par' dir='ltr' id='par_1_3' title="bbox 502 1618 2426 1696">
     <span class='ocr_line' id='line_1_12' title="bbox 502 1618 2426 1696; baseline -0.002 -4"><span class='ocrx_word' id='word_1_83' title='bbox 502 1624 574 1693; x_wconf 91' lang='grc'><strong>’1.</strong></span> <span class='ocrx_word' id='word_1_84' title='bbox 601 1621 845 1696; x_wconf 86' lang='lat' dir='ltr'><strong>PROP.</strong></span> <span class='ocrx_word' id='word_1_85' title='bbox 885 1619 938 1693; x_wconf 89' lang='grc' dir='ltr'><strong>Ι.</strong></span> <span class='ocrx_word' id='word_1_86' title='bbox 983 1618 1243 1692; x_wconf 66' lang='lat' dir='ltr'><strong>Murcus</strong></span> <span class='ocrx_word' id='word_1_87' title='bbox 1279 1634 1402 1688; x_wconf 73' lang='lat' dir='ltr'><strong>non</strong></span> <span class='ocrx_word' id='word_1_88' title='bbox 1440 1633 1682 1685; x_wconf 75' lang='lat' dir='ltr'><strong>sxxsnr</strong></span> <span class='ocrx_word' id='word_1_89' title='bbox 1715 1631 2075 1683; x_wconf 63' lang='lat' dir='ltr'><strong>massano</strong></span> <span class='ocrx_word' id='word_1_90' title='bbox 2105 1633 2184 1686; x_wconf 70' lang='lat' dir='ltr'><strong>u</strong></span> <span class='ocrx_word' id='word_1_91' title='bbox 2216 1635 2286 1688; x_wconf 75' lang='lat' dir='ltr'><strong>vt</strong></span> <span class='ocrx_word' id='word_1_92' title='bbox 2322 1636 2426 1688; x_wconf 74' lang='lat' dir='ltr'><strong>ss·</strong></span> 
     </span>
    </p>
   </div>
   <div class='ocr_carea' id='block_1_4' title="bbox 286 1727 949 1841">
    <p class='ocr_par' dir='ltr' id='par_1_4' title="bbox 286 1727 949 1841">
     <span class='ocr_line' id='line_1_13' title="bbox 286 1727 949 1841; baseline 0 -41"><span class='ocrx_word' id='word_1_93' title='bbox 286 1836 289 1841; x_wconf 19' lang='grc'>,</span> <span class='ocrx_word' id='word_1_94' title='bbox 409 1751 645 1802; x_wconf 69' lang='lat' dir='ltr'><strong>mm</strong></span> <span class='ocrx_word' id='word_1_95' title='bbox 668 1751 799 1801; x_wconf 64' lang='lat' dir='ltr'><strong>sm</strong></span> <span class='ocrx_word' id='word_1_96' title='bbox 836 1727 949 1823; x_wconf 88' lang='lat'>(1).</span> 
     </span>
    </p>
   </div>
   <div class='ocr_carea' id='block_1_5' title="bbox 410 1878 2500 2289">
    <p class='ocr_par' dir='ltr' id='par_1_5' title="bbox 410 1878 2500 2289">
     <span class='ocr_line' id='line_1_14' title="bbox 495 1878 2500 1976; baseline -0.001 -12"><span class='ocrx_word' id='word_1_97' title='bbox 495 1896 691 1965; x_wconf 82' lang='lat' dir='ltr'><strong>Prob.</strong></span> <span class='ocrx_word' id='word_1_98' title='bbox 730 1894 796 1962; x_wconf 80' lang='lat'><strong>1⁰</strong></span> <span class='ocrx_word' id='word_1_99' title='bbox 814 1890 1002 1976; x_wconf 85' lang='lat' dir='ltr'><strong>Quod</strong></span> <span class='ocrx_word' id='word_1_100' title='bbox 1021 1889 1374 1963; x_wconf 88' lang='lat' dir='ltr'><strong>necessario</strong></span> <span class='ocrx_word' id='word_1_101' title='bbox 1395 1895 1459 1961; x_wconf 88' lang='lat' dir='ltr'><strong>et</strong></span> <span class='ocrx_word' id='word_1_102' title='bbox 1484 1889 1551 1960; x_wconf 81' lang='lat' dir='ltr'><strong>vi</strong></span> <span class='ocrx_word' id='word_1_103' title='bbox 1569 1888 1851 1961; x_wconf 63' lang='lat' dir='ltr'><strong>essentiae</strong></span> <span class='ocrx_word' id='word_1_104' title='bbox 1875 1911 2006 1962; x_wconf 80' lang='lat' dir='ltr'><strong>suae</strong></span> <span class='ocrx_word' id='word_1_105' title='bbox 2023 1889 2245 1972; x_wconf 78' lang='lat' dir='ltr'>existit,</span> <span class='ocrx_word' id='word_1_106' title='bbox 2272 1890 2428 1963; x_wconf 82' lang='lat' dir='ltr'><strong>exis·</strong></span> <span class='ocrx_word' id='word_1_107' title='bbox 2490 1878 2500 1896; x_wconf 64' lang='lat'>⁸</span> 
     </span>
     <span class='ocr_line' id='line_1_15' title="bbox 410 1998 2427 2095; baseline 0.001 -26"><span class='ocrx_word' id='word_1_108' title='bbox 410 2003 489 2069; x_wconf 79' lang='lat' dir='ltr'><strong>tit</strong></span> <span class='ocrx_word' id='word_1_109' title='bbox 503 2000 1000 2095; x_wconf 81' lang='lat' dir='ltr'><strong>vipossibilitatis</strong></span> <span class='ocrx_word' id='word_1_110' title='bbox 1025 1998 1454 2091; x_wconf 78' lang='lat' dir='ltr'><strong>absolutae(2);</strong></span> <span class='ocrx_word' id='word_1_111' title='bbox 1480 1999 1657 2090; x_wconf 82' lang='lat' dir='ltr'><strong>atqui</strong></span> <span class='ocrx_word' id='word_1_112' title='bbox 1676 1998 1959 2069; x_wconf 87' lang='lat' dir='ltr'><strong>mundus</strong></span> <span class='ocrx_word' id='word_1_113' title='bbox 1981 1998 2095 2070; x_wconf 88' lang='lat' dir='ltr'><strong>iste</strong></span> <span class='ocrx_word' id='word_1_114' title='bbox 2117 2022 2252 2071; x_wconf 92' lang='lat' dir='ltr'><strong>non</strong></span> <span class='ocrx_word' id='word_1_115' title='bbox 2273 2001 2427 2071; x_wconf 84' lang='lat' dir='ltr'>exis-</span> 
     </span>
     <span class='ocr_line' id='line_1_16' title="bbox 410 2105 2430 2203; baseline 0.003 -28"><span class='ocrx_word' id='word_1_116' title='bbox 410 2111 489 2177; x_wconf 81' lang='lat' dir='ltr'><strong>tit</strong></span> <span class='ocrx_word' id='word_1_117' title='bbox 509 2110 575 2180; x_wconf 80' lang='lat' dir='ltr'><strong>vi</strong></span> <span class='ocrx_word' id='word_1_118' title='bbox 615 2108 1045 2203; x_wconf 87' lang='lat' dir='ltr'><strong>possibilitatis</strong></span> <span class='ocrx_word' id='word_1_119' title='bbox 1060 2105 1364 2179; x_wconf 80' lang='lat' dir='ltr'><strong>absolutae</strong></span> <span class='ocrx_word' id='word_1_120' title='bbox 1389 2134 1408 2189; x_wconf 70' lang='grc' dir='ltr'>ς</span> <span class='ocrx_word' id='word_1_121' title='bbox 1441 2128 1595 2200; x_wconf 83' lang='lat' dir='ltr'><strong>ergo</strong></span> <span class='ocrx_word' id='word_1_122' title='bbox 1615 2127 1738 2177; x_wconf 91' lang='lat' dir='ltr'><strong>nec</strong></span> <span class='ocrx_word' id='word_1_123' title='bbox 1765 2106 1967 2177; x_wconf 76' lang='lat' dir='ltr'><strong>existit</strong></span> <span class='ocrx_word' id='word_1_124' title='bbox 1997 2109 2346 2181; x_wconf 88' lang='lat' dir='ltr'><strong>necessario</strong></span> <span class='ocrx_word' id='word_1_125' title='bbox 2365 2116 2430 2181; x_wconf 91' lang='lat' dir='ltr'><strong>et</strong></span> 
     </span>
     <span class='ocr_line' id='line_1_17' title="bbox 411 2239 587 2289; baseline -0.006 0"><span class='ocrx_word' id='word_1_126' title='bbox 411 2240 455 2289; x_wconf 81' lang='lat' dir='ltr'><strong>a</strong></span> <span class='ocrx_word' id='word_1_127' title='bbox 494 2239 587 2289; x_wconf 88' lang='lat' dir='ltr'><strong>se.</strong></span> 
     </span>
    </p>
   </div>
   <div class='ocr_carea' id='block_1_6' title="bbox 410 2355 2476 3315">
    <p class='ocr_par' dir='ltr' id='par_1_6' title="bbox 410 2355 2476 3315">
     <span class='ocr_line' id='line_1_18' title="bbox 500 2355 2476 2450; baseline 0.005 -23"><span class='ocrx_word' id='word_1_128' title='bbox 500 2358 694 2429; x_wconf 82' lang='lat' dir='ltr'><strong>Prob.</strong></span> <span class='ocrx_word' id='word_1_129' title='bbox 747 2359 919 2430; x_wconf 76' lang='lat' dir='ltr'><strong>Min.</strong></span> <span class='ocrx_word' id='word_1_130' title='bbox 980 2356 1054 2429; x_wconf 87' lang='lat' dir='ltr'><strong>Id</strong></span> <span class='ocrx_word' id='word_1_131' title='bbox 1101 2377 1237 2429; x_wconf 90' lang='lat' dir='ltr'><strong>non</strong></span> <span class='ocrx_word' id='word_1_132' title='bbox 1284 2358 1486 2430; x_wconf 81' lang='lat' dir='ltr'><strong>existit</strong></span> <span class='ocrx_word' id='word_1_133' title='bbox 1534 2355 1601 2429; x_wconf 80' lang='lat' dir='ltr'><strong>vi</strong></span> <span class='ocrx_word' id='word_1_134' title='bbox 1630 2355 2050 2450; x_wconf 81' lang='lat' dir='ltr'><strong>possibilitatis</strong></span> <span class='ocrx_word' id='word_1_135' title='bbox 2080 2355 2379 2430; x_wconf 61' lang='lat' dir='ltr'><strong>absolutae</strong></span> <span class='ocrx_word' id='word_1_136' title='bbox 2405 2409 2421 2436; x_wconf 83' lang='lat'><strong>.</strong></span> <span class='ocrx_word' id='word_1_137' title='bbox 2473 2400 2476 2405; x_wconf 85' lang='grc'><em>·</em></span> 
     </span>
     <span class='ocr_line' id='line_1_19' title="bbox 412 2464 2428 2560; baseline 0 -24"><span class='ocrx_word' id='word_1_138' title='bbox 412 2465 588 2557; x_wconf 83' lang='lat' dir='ltr'><strong>quod</strong></span> <span class='ocrx_word' id='word_1_139' title='bbox 618 2467 688 2535; x_wconf 92' lang='lat' dir='ltr'><strong>in</strong></span> <span class='ocrx_word' id='word_1_140' title='bbox 715 2488 833 2536; x_wconf 89' lang='lat' dir='ltr'><strong>suo</strong></span> <span class='ocrx_word' id='word_1_141' title='bbox 859 2472 1174 2560; x_wconf 87' lang='lat' dir='ltr'><strong>conceptu</strong></span> <span class='ocrx_word' id='word_1_142' title='bbox 1218 2488 1353 2539; x_wconf 89' lang='lat' dir='ltr'><strong>non</strong></span> <span class='ocrx_word' id='word_1_143' title='bbox 1389 2465 1660 2538; x_wconf 80' lang='lat' dir='ltr'><strong>includit</strong></span> <span class='ocrx_word' id='word_1_144' title='bbox 1689 2464 2008 2537; x_wconf 78' lang='lat' dir='ltr'><strong>actualem</strong></span> <span class='ocrx_word' id='word_1_145' title='bbox 2036 2465 2428 2537; x_wconf 79' lang='lat' dir='ltr'><strong>existentiam</strong></span> 
     </span>
     <span class='ocr_line' id='line_1_20' title="bbox 410 2572 2427 2667; baseline -0.001 -22"><span class='ocrx_word' id='word_1_146' title='bbox 410 2596 456 2645; x_wconf 83' lang='lat' dir='ltr'><strong>a</strong></span> <span class='ocrx_word' id='word_1_147' title='bbox 478 2579 658 2667; x_wconf 83' lang='lat' dir='ltr'><strong>parte</strong></span> <span class='ocrx_word' id='word_1_148' title='bbox 685 2575 781 2645; x_wconf 89' lang='lat' dir='ltr'><strong>rei</strong></span> <span class='ocrx_word' id='word_1_149' title='bbox 811 2581 886 2645; x_wconf 86' lang='lat' dir='ltr'><strong>ut</strong></span> <span class='ocrx_word' id='word_1_150' title='bbox 912 2580 1135 2646; x_wconf 84' lang='lat' dir='ltr'><strong>notam</strong></span> <span class='ocrx_word' id='word_1_151' title='bbox 1156 2575 1553 2648; x_wconf 82' lang='lat' dir='ltr'><strong>essentialem</strong></span> <span class='ocrx_word' id='word_1_152' title='bbox 1580 2600 1599 2644; x_wconf 74' lang='lat' dir='ltr'><em>z</em></span> <span class='ocrx_word' id='word_1_153' title='bbox 1631 2574 1809 2666; x_wconf 86' lang='lat' dir='ltr'><strong>atqui</strong></span> <span class='ocrx_word' id='word_1_154' title='bbox 1840 2573 2123 2644; x_wconf 87' lang='lat' dir='ltr'><strong>mundus</strong></span> <span class='ocrx_word' id='word_1_155' title='bbox 2159 2572 2272 2644; x_wconf 88' lang='lat' dir='ltr'><strong>iste</strong></span> <span class='ocrx_word' id='word_1_156' title='bbox 2293 2593 2427 2645; x_wconf 90' lang='lat' dir='ltr'><strong>non</strong></span> 
     </span>
     <span class='ocr_line' id='line_1_21' title="bbox 411 2682 2428 2776; baseline -0.001 -22"><span class='ocrx_word' id='word_1_157' title='bbox 411 2682 684 2754; x_wconf 88' lang='lat' dir='ltr'><strong>includit</strong></span> <span class='ocrx_word' id='word_1_158' title='bbox 708 2686 781 2753; x_wconf 91' lang='lat' dir='ltr'><strong>in</strong></span> <span class='ocrx_word' id='word_1_159' title='bbox 825 2688 1139 2776; x_wconf 86' lang='lat' dir='ltr'><strong>conceptu</strong></span> <span class='ocrx_word' id='word_1_160' title='bbox 1187 2705 1303 2754; x_wconf 87' lang='lat' dir='ltr'><strong>suo</strong></span> <span class='ocrx_word' id='word_1_161' title='bbox 1340 2682 1658 2754; x_wconf 86' lang='lat' dir='ltr'><strong>actualem</strong></span> <span class='ocrx_word' id='word_1_162' title='bbox 1688 2683 2078 2754; x_wconf 82' lang='lat' dir='ltr'><strong>existentiam</strong></span> <span class='ocrx_word' id='word_1_163' title='bbox 2104 2687 2177 2752; x_wconf 88' lang='lat' dir='ltr'><strong>ut</strong></span> <span class='ocrx_word' id='word_1_164' title='bbox 2205 2704 2428 2752; x_wconf 91' lang='lat' dir='ltr'><strong>essen-</strong></span> 
     </span>
     <span class='ocr_line' id='line_1_22' title="bbox 415 2789 2419 2885; baseline 0.001 -26"><span class='ocrx_word' id='word_1_165' title='bbox 415 2792 658 2862; x_wconf 82' lang='lat' dir='ltr'><strong>tialem.</strong></span> <span class='ocrx_word' id='word_1_166' title='bbox 689 2789 855 2862; x_wconf 85' lang='lat' dir='ltr'><strong>Nam</strong></span> <span class='ocrx_word' id='word_1_167' title='bbox 888 2790 968 2884; x_wconf 83' lang='lat' dir='ltr'><strong>a)</strong></span> <span class='ocrx_word' id='word_1_168' title='bbox 1002 2790 1289 2862; x_wconf 85' lang='lat' dir='ltr'><strong>mundus</strong></span> <span class='ocrx_word' id='word_1_169' title='bbox 1311 2791 1426 2861; x_wconf 85' lang='lat' dir='ltr'><strong>iste</strong></span> <span class='ocrx_word' id='word_1_170' title='bbox 1452 2795 1657 2885; x_wconf 86' lang='lat' dir='ltr'><strong>potest</strong></span> <span class='ocrx_word' id='word_1_171' title='bbox 1697 2790 1948 2885; x_wconf 83' lang='lat' dir='ltr'><strong>concipi</strong></span> <span class='ocrx_word' id='word_1_172' title='bbox 1974 2813 2108 2862; x_wconf 90' lang='lat' dir='ltr'><strong>non</strong></span> <span class='ocrx_word' id='word_1_173' title='bbox 2132 2790 2419 2874; x_wconf 70' lang='lat' dir='ltr'><strong>existens,</strong></span> 
     </span>
     <span class='ocr_line' id='line_1_23' title="bbox 415 2898 2430 2995; baseline 0 -26"><span class='ocrx_word' id='word_1_174' title='bbox 415 2907 481 2995; x_wconf 87' lang='lat' dir='ltr'><strong>et</strong></span> <span class='ocrx_word' id='word_1_175' title='bbox 502 2900 582 2994; x_wconf 77' lang='lat' dir='ltr'><strong>b)</strong></span> <span class='ocrx_word' id='word_1_176' title='bbox 610 2899 807 2971; x_wconf 85' lang='lat' dir='ltr'><strong>etiam</strong></span> <span class='ocrx_word' id='word_1_177' title='bbox 846 2898 956 2969; x_wconf 83' lang='lat' dir='ltr'><strong>alii</strong></span> <span class='ocrx_word' id='word_1_178' title='bbox 977 2898 1207 2970; x_wconf 88' lang='lat' dir='ltr'><strong>mundi</strong></span> <span class='ocrx_word' id='word_1_179' title='bbox 1230 2898 1385 2968; x_wconf 89' lang='lat' dir='ltr'><strong>huic</strong></span> <span class='ocrx_word' id='word_1_180' title='bbox 1421 2902 1637 2968; x_wconf 88' lang='lat' dir='ltr'><strong>nostro</strong></span> <span class='ocrx_word' id='word_1_181' title='bbox 1660 2898 1934 2991; x_wconf 77' lang='lat' dir='ltr'><strong>perfecte</strong></span> <span class='ocrx_word' id='word_1_182' title='bbox 1967 2898 2200 2969; x_wconf 85' lang='lat' dir='ltr'><strong>similes</strong></span> <span class='ocrx_word' id='word_1_183' title='bbox 2221 2901 2430 2971; x_wconf 89' lang='lat' dir='ltr'><strong>conei-</strong></span> 
     </span>
     <span class='ocr_line' id='line_1_24' title="bbox 414 3003 2428 3100; baseline 0.002 -25"><span class='ocrx_word' id='word_1_184' title='bbox 414 3007 486 3100; x_wconf 89' lang='lat' dir='ltr'><strong>pi</strong></span> <span class='ocrx_word' id='word_1_185' title='bbox 512 3011 778 3098; x_wconf 84' lang='lat' dir='ltr'><strong>possunt</strong></span> <span class='ocrx_word' id='word_1_186' title='bbox 799 3005 1124 3098; x_wconf 90' lang='lat' dir='ltr'><strong>possibiles</strong></span> <span class='ocrx_word' id='word_1_187' title='bbox 1147 3003 1433 3095; x_wconf 84' lang='lat' dir='ltr'><strong>adeoque</strong></span> <span class='ocrx_word' id='word_1_188' title='bbox 1465 3004 1894 3086; x_wconf 87' lang='lat' dir='ltr'><strong>coexistentes,</strong></span> <span class='ocrx_word' id='word_1_189' title='bbox 1923 3007 2035 3097; x_wconf 87' lang='lat' dir='ltr'><strong>qui</strong></span> <span class='ocrx_word' id='word_1_190' title='bbox 2057 3013 2273 3077; x_wconf 81' lang='lat' dir='ltr'><strong>tamen</strong></span> <span class='ocrx_word' id='word_1_191' title='bbox 2294 3031 2428 3084; x_wconf 87' lang='lat' dir='ltr'><strong>non</strong></span> 
     </span>
     <span class='ocr_line' id='line_1_25' title="bbox 416 3112 2429 3207; baseline 0.002 -26"><span class='ocrx_word' id='word_1_192' title='bbox 416 3114 695 3183; x_wconf 83' lang='lat' dir='ltr'><strong>existunt</strong></span> <span class='ocrx_word' id='word_1_193' title='bbox 718 3113 1002 3206; x_wconf 86' lang='lat' dir='ltr'><strong>adeoque</strong></span> <span class='ocrx_word' id='word_1_194' title='bbox 1027 3134 1150 3184; x_wconf 91' lang='lat' dir='ltr'><strong>nec</strong></span> <span class='ocrx_word' id='word_1_195' title='bbox 1179 3112 1497 3182; x_wconf 87' lang='lat' dir='ltr'><strong>actualem</strong></span> <span class='ocrx_word' id='word_1_196' title='bbox 1525 3113 1919 3200; x_wconf 86' lang='lat' dir='ltr'><strong>existentiam</strong></span> <span class='ocrx_word' id='word_1_197' title='bbox 1945 3115 2014 3183; x_wconf 91' lang='lat' dir='ltr'><strong>in</strong></span> <span class='ocrx_word' id='word_1_198' title='bbox 2032 3113 2429 3207; x_wconf 84' lang='lat' dir='ltr'><strong>possibilitate</strong></span> 
     </span>
     <span class='ocr_line' id='line_1_26' title="bbox 416 3219 2430 3315; baseline 0.003 -24"><span class='ocrx_word' id='word_1_199' title='bbox 416 3221 536 3294; x_wconf 62' lang='lat' dir='ltr'><strong>sue</strong></span> <span class='ocrx_word' id='word_1_200' title='bbox 576 3220 915 3294; x_wconf 83' lang='lat' dir='ltr'><strong>involvunt</strong></span> <span class='ocrx_word' id='word_1_201' title='bbox 941 3250 960 3304; x_wconf 74' lang='grc' dir='ltr'>ς</span> <span class='ocrx_word' id='word_1_202' title='bbox 984 3243 1138 3315; x_wconf 87' lang='lat' dir='ltr'><strong>ergo</strong></span> <span class='ocrx_word' id='word_1_203' title='bbox 1165 3221 1357 3293; x_wconf 84' lang='lat' dir='ltr'><strong>etiam</strong></span> <span class='ocrx_word' id='word_1_204' title='bbox 1401 3220 1517 3291; x_wconf 91' lang='lat' dir='ltr'><strong>iste</strong></span> <span class='ocrx_word' id='word_1_205' title='bbox 1551 3219 1837 3291; x_wconf 88' lang='lat' dir='ltr'><strong>mundus</strong></span> <span class='ocrx_word' id='word_1_206' title='bbox 1886 3243 2024 3292; x_wconf 89' lang='lat' dir='ltr'><strong>non</strong></span> <span class='ocrx_word' id='word_1_207' title='bbox 2055 3221 2338 3296; x_wconf 77' lang='lat' dir='ltr'><strong>involvit</strong></span> <span class='ocrx_word' id='word_1_208' title='bbox 2359 3226 2430 3301; x_wconf 91' lang='lat' dir='ltr'><strong>in</strong></span> 
     </span>
    </p>
   </div>
   <div class='ocr_carea' id='block_1_7' title="bbox 412 3468 2426 3550">
    <p class='ocr_par' dir='ltr' id='par_1_7' title="bbox 412 3468 2426 3550">
     <span class='ocr_line' id='line_1_27' title="bbox 412 3468 2426 3550; baseline 0.004 -20"><span class='ocrx_word' id='word_1_209' title='bbox 412 3468 423 3472; x_wconf 65' lang='grc'><strong><em>’</em></strong></span> <span class='ocrx_word' id='word_1_210' title='bbox 485 3478 557 3546; x_wconf 82' lang='grc'><strong>(1)</strong></span> <span class='ocrx_word' id='word_1_211' title='bbox 591 3479 862 3532; x_wconf 79' lang='lat' dir='ltr'><strong>Advertere</strong></span> <span class='ocrx_word' id='word_1_212' title='bbox 892 3478 976 3530; x_wconf 83' lang='lat' dir='ltr'><strong>hic</strong></span> <span class='ocrx_word' id='word_1_213' title='bbox 1003 3480 1228 3543; x_wconf 82' lang='lat' dir='ltr'><strong>oportet,</strong></span> <span class='ocrx_word' id='word_1_214' title='bbox 1267 3477 1646 3543; x_wconf 77' lang='lat' dir='ltr'><strong>propositionem</strong></span> <span class='ocrx_word' id='word_1_215' title='bbox 1682 3479 1814 3532; x_wconf 80' lang='lat' dir='ltr'><strong>hano</strong></span> <span class='ocrx_word' id='word_1_216' title='bbox 1847 3481 2119 3534; x_wconf 72' lang='lat' dir='ltr'><strong>coincidet-e</strong></span> <span class='ocrx_word' id='word_1_217' title='bbox 2152 3497 2268 3537; x_wconf 87' lang='lat' dir='ltr'><strong>cum</strong></span> <span class='ocrx_word' id='word_1_218' title='bbox 2306 3484 2391 3539; x_wconf 70' lang='lat' dir='ltr'><strong>illa</strong></span> <span class='ocrx_word' id='word_1_219' title='bbox 2410 3524 2426 3550; x_wconf 90' lang='lat'>‚</span> 
     </span>
    </p>
   </div>
   <div class='ocr_carea' id='block_1_8' title="bbox 420 3559 2538 3624">
    <p class='ocr_par' dir='ltr' id='par_1_8' title="bbox 420 3559 2538 3624">
     <span class='ocr_line' id='line_1_28' title="bbox 420 3559 2538 3624; baseline 0.005 -14"><span class='ocrx_word' id='word_1_220' title='bbox 420 3573 534 3624; x_wconf 72' lang='lat' dir='ltr'><strong>qum</strong></span> <span class='ocrx_word' id='word_1_221' title='bbox 562 3564 712 3624; x_wconf 76' lang='lat' dir='ltr'><strong>negat</strong></span> <span class='ocrx_word' id='word_1_222' title='bbox 736 3561 1060 3612; x_wconf 77' lang='lat' dir='ltr'><strong>aeternitatem</strong></span> <span class='ocrx_word' id='word_1_223' title='bbox 1088 3559 1263 3612; x_wconf 81' lang='lat' dir='ltr'><strong>mundi</strong></span> <span class='ocrx_word' id='word_1_224' title='bbox 1287 3562 1369 3611; x_wconf 74' lang='lat' dir='ltr'><strong>vel</strong></span> <span class='ocrx_word' id='word_1_225' title='bbox 1399 3560 1643 3613; x_wconf 62' lang='lat' dir='ltr'><strong>materiai.</strong></span> <span class='ocrx_word' id='word_1_226' title='bbox 1670 3561 1813 3623; x_wconf 84' lang='lat' dir='ltr'><strong>Quod</strong></span> <span class='ocrx_word' id='word_1_227' title='bbox 1854 3565 1993 3615; x_wconf 86' lang='lat' dir='ltr'><strong>enim</strong></span> <span class='ocrx_word' id='word_1_228' title='bbox 2032 3577 2148 3618; x_wconf 81' lang='lat' dir='ltr'><strong>vere</strong></span> <span class='ocrx_word' id='word_1_229' title='bbox 2188 3571 2429 3621; x_wconf 62' lang='lat' dir='ltr'><strong>internum</strong></span> <span class='ocrx_word' id='word_1_230' title='bbox 2537 3573 2538 3576; x_wconf 76' lang='grc'>’</span> 
     </span>
    </p>
   </div>
   <div class='ocr_carea' id='block_1_9' title="bbox 420 3638 2428 3860">
    <p class='ocr_par' dir='ltr' id='par_1_9' title="bbox 420 3638 2428 3860">
     <span class='ocr_line' id='line_1_29' title="bbox 420 3638 2425 3712; baseline 0.004 -21"><span class='ocrx_word' id='word_1_231' title='bbox 420 3642 529 3703; x_wconf 80' lang='lat' dir='ltr'><strong>est,</strong></span> <span class='ocrx_word' id='word_1_232' title='bbox 563 3643 640 3692; x_wconf 80' lang='lat' dir='ltr'><strong>est</strong></span> <span class='ocrx_word' id='word_1_233' title='bbox 668 3641 775 3691; x_wconf 83' lang='lat' dir='ltr'><strong>sine</strong></span> <span class='ocrx_word' id='word_1_234' title='bbox 809 3640 951 3692; x_wconf 87' lang='lat' dir='ltr'><strong>initio</strong></span> <span class='ocrx_word' id='word_1_235' title='bbox 985 3638 1222 3691; x_wconf 78' lang='lat' dir='ltr'><strong>existendi</strong></span> <span class='ocrx_word' id='word_1_236' title='bbox 1238 3654 1261 3702; x_wconf 84' lang='grc'><strong>·;</strong></span> <span class='ocrx_word' id='word_1_237' title='bbox 1300 3642 1433 3704; x_wconf 83' lang='lat' dir='ltr'><strong>quod</strong></span> <span class='ocrx_word' id='word_1_238' title='bbox 1462 3644 1541 3694; x_wconf 82' lang='lat' dir='ltr'><strong>cst</strong></span> <span class='ocrx_word' id='word_1_239' title='bbox 1569 3642 1678 3695; x_wconf 74' lang='lat' dir='ltr'><strong>sino</strong></span> <span class='ocrx_word' id='word_1_240' title='bbox 1709 3641 1854 3695; x_wconf 84' lang='lat' dir='ltr'><strong>initio</strong></span> <span class='ocrx_word' id='word_1_241' title='bbox 1887 3644 2128 3698; x_wconf 80' lang='lat' dir='ltr'><strong>existendi</strong></span> <span class='ocrx_word' id='word_1_242' title='bbox 2149 3681 2167 3710; x_wconf 87' lang='lat'>,</span> <span class='ocrx_word' id='word_1_243' title='bbox 2197 3661 2299 3699; x_wconf 89' lang='lat' dir='ltr'><strong>non</strong></span> <span class='ocrx_word' id='word_1_244' title='bbox 2337 3664 2425 3712; x_wconf 83' lang='lat' dir='ltr'><strong>po·</strong></span> 
     </span>
     <span class='ocr_line' id='line_1_30' title="bbox 421 3720 2428 3788; baseline 0.006 -17"><span class='ocrx_word' id='word_1_245' title='bbox 421 3724 522 3771; x_wconf 77' lang='lat' dir='ltr'><strong>test</strong></span> <span class='ocrx_word' id='word_1_246' title='bbox 539 3734 642 3772; x_wconf 64' lang='lat' dir='ltr'><strong>esse</strong></span> <span class='ocrx_word' id='word_1_247' title='bbox 674 3723 738 3771; x_wconf 78' lang='lat' dir='ltr'><strong>ab</strong></span> <span class='ocrx_word' id='word_1_248' title='bbox 763 3722 893 3788; x_wconf 82' lang='lat' dir='ltr'><strong>alio;</strong></span> <span class='ocrx_word' id='word_1_249' title='bbox 923 3733 1042 3788; x_wconf 72' lang='lat' dir='ltr'><strong>ergo</strong></span> <span class='ocrx_word' id='word_1_250' title='bbox 1065 3720 1209 3774; x_wconf 82' lang='lat' dir='ltr'><strong>debet</strong></span> <span class='ocrx_word' id='word_1_251' title='bbox 1229 3734 1333 3777; x_wconf 74' lang='lat' dir='ltr'><strong>esse</strong></span> <span class='ocrx_word' id='word_1_252' title='bbox 1375 3737 1408 3775; x_wconf 80' lang='lat' dir='ltr'><strong>a</strong></span> <span class='ocrx_word' id='word_1_253' title='bbox 1441 3737 1498 3777; x_wconf 70' lang='lat' dir='ltr'><strong>se</strong></span> <span class='ocrx_word' id='word_1_254' title='bbox 1518 3725 1570 3777; x_wconf 85' lang='lat' dir='ltr'><strong>ct</strong></span> <span class='ocrx_word' id='word_1_255' title='bbox 1590 3722 1709 3778; x_wconf 86' lang='lat' dir='ltr'><strong>hinc</strong></span> <span class='ocrx_word' id='word_1_256' title='bbox 1738 3726 2006 3779; x_wconf 83' lang='lat' dir='ltr'><strong>necessarie</strong></span> <span class='ocrx_word' id='word_1_257' title='bbox 2036 3726 2100 3782; x_wconf 82' lang='lat' dir='ltr'><strong>&#39;et</strong></span> <span class='ocrx_word' id='word_1_258' title='bbox 2125 3727 2175 3781; x_wconf 81' lang='lat' dir='ltr'><strong>vi</strong></span> <span class='ocrx_word' id='word_1_259' title='bbox 2210 3732 2428 3785; x_wconf 74' lang='lat' dir='ltr'><strong>essentice</strong></span> 
     </span>
     <span class='ocr_line' id='line_1_31' title="bbox 426 3805 785 3860; baseline 0.011 -6"><span class='ocrx_word' id='word_1_260' title='bbox 426 3817 535 3854; x_wconf 77' lang='lat' dir='ltr'><strong>suae</strong></span> <span class='ocrx_word' id='word_1_261' title='bbox 557 3805 785 3860; x_wconf 82' lang='lat' dir='ltr'><strong>existere.</strong></span> 
     </span>
    </p>
   </div>
   <div class='ocr_carea' id='block_1_10' title="bbox 488 3864 2245 3965">
    <p class='ocr_par' dir='ltr' id='par_1_10' title="bbox 488 3864 2245 3965">
     <span class='ocr_line' id='line_1_32' title="bbox 488 3864 2245 3965; baseline 0.009 -27"><span class='ocrx_word' id='word_1_262' title='bbox 488 3888 558 3954; x_wconf 75' lang='lat'><strong>(2)</strong></span> <span class='ocrx_word' id='word_1_263' title='bbox 587 3889 809 3957; x_wconf 74' lang='lat' dir='ltr'><strong>ontoloq.</strong></span> <span class='ocrx_word' id='word_1_264' title='bbox 838 3864 972 3945; x_wconf 76' lang='lat' dir='ltr'><strong>Part.</strong></span> <span class='ocrx_word' id='word_1_265' title='bbox 1001 3891 1065 3945; x_wconf 79' lang='lat' dir='ltr'><strong>n.</strong></span> <span class='ocrx_word' id='word_1_266' title='bbox 1092 3893 1217 3947; x_wconf 82' lang='lat' dir='ltr'><strong>Soet.</strong></span> <span class='ocrx_word' id='word_1_267' title='bbox 1248 3897 1294 3946; x_wconf 67' lang='grc' dir='ltr'><strong>Ξ.</strong></span> <span class='ocrx_word' id='word_1_268' title='bbox 1326 3894 1444 3962; x_wconf 86' lang='lat' dir='ltr'><strong>Cap.</strong></span> <span class='ocrx_word' id='word_1_269' title='bbox 1470 3898 1520 3949; x_wconf 81' lang='lat'><strong>1.</strong></span> <span class='ocrx_word' id='word_1_270' title='bbox 1554 3909 1670 3965; x_wconf 70' lang='lat' dir='ltr'><strong>pag.</strong></span> <span class='ocrx_word' id='word_1_271' title='bbox 1704 3899 1795 3952; x_wconf 72' lang='lat'><strong>286</strong></span> <span class='ocrx_word' id='word_1_272' title='bbox 1817 3897 2023 3964; x_wconf 45' lang='lat' dir='ltr'><strong>etjam.</strong></span> <span class='ocrx_word' id='word_1_273' title='bbox 2050 3897 2103 3950; x_wconf 85' lang='lat' dir='ltr'><strong>tn</strong></span> <span class='ocrx_word' id='word_1_274' title='bbox 2125 3898 2245 3953; x_wconf 61' lang='lat' dir='ltr'><strong>nota</strong></span> 
     </span>
    </p>
   </div>
  </div>
 </body>
</html>
