2988 4832
599 531 797 611 litatis·
824 538 889 607 *s
908 537 1084 629 atqui
1111 530 1250 604 idea
1295 516 1741 609 divisibilis&
1774 516 2057 605 confidet
2094 529 2612 621 ideam‘fflnffis:

599 667 891 740 ergom..
921 643 978 736 b)
1015 639 1277 713 Materia
1317 639 1568 733 concipi
1585 640 1819 732 ‘nequit
1849 640 1988 712 sine
2015 640 2421 735 qualitatibus
2452 666 2613 716 sen-

598 758 881 833 sibilibus
927 783 947 831 z
1002 756 1178 851 atqui
1206 774 1430 829 omnes
1451 751 1785 849 qualitates
1828 754 2153 827 sensibiles
2180 762 2331 829 sunt
2358 757 2615 830 effectus
2690 753 2693 756 ’

596 870 853 941 motfisz
887 887 1041 960 ergo
1047 915 1179 937 .....
1214 862 1266 956 e)
1297 862 1395 935 Ex
1408 883 1487 935 eo
1509 910 1531 942 .
1568 860 1743 955 quod
1774 862 2027 934 nullam
2053 863 2334 937 materiae
2364 871 2615 959 partem

595 972 988 1050 inextensam
1036 972 1405 1049 ‚noverimus
1426 1020 1453 1054 .
1511 973 1685 1042 recte
1733 968 2071 1042 inserimus
2090 1017 2112 1053 .
2179 970 2612 1047 extensionem

597 1082 876 1155 materiae
897 1103 1030 1155 esse
1052 1078 1449 1153 essentialem
1474 1104 1494 1159 ς
1524 1099 1681 1171 ergo
1709 1099 1750 1148 a
1774 1076 1918 1171 pari
1935 1099 2015 1149 ex
2033 1099 2111 1148 eo
2136 1126 2155 1157 .
2195 1075 2369 1171 quod
2398 1081 2611 1153 omnis

596 1190 862 1263 materia
889 1201 1221 1262 moveatur
1247 1239 1265 1268 ‚
1313 1183 1698 1262 concludere
1729 1205 1985 1259 necesse
2022 1189 2118 1259 est
2130 1208 2157 1268 ‚‘
2184 1189 2437 1261 motum
2461 1208 2613 1262 ma·-

598 1288 775 1369 'teriae
803 1319 941 1371 esse
967 1295 1395 1371 essentialem.
1499 1356 1510 1365 ,

606 1408 611 1413 ἱ
682 1436 768 1511 R.
796 1437 887 1511 N.
911 1437 1067 1511 Ant.
1097 1435 1207 1511 Ad
1231 1435 1640 1533 probationes
1667 1461 1824 1515 vero

677 1581 742 1673 a)
777 1582 851 1653 C.
877 1583 1045 1672 Maj.
1072 1589 1138 1656 et
1162 1586 1250 1657 D.
1289 1587 1468 1660 Min:
1499 1582 1907 1659 Divisibilitas
1934 1574 2191 1658 {doctu
2217 1584 2474 1658 seeundo
2501 1604 2615 1658 seu

593 1682 855 1759 actualis
873 1689 1092 1760 divisio
1117 1691 1401 1762 continet
1445 1692 1659 1763 ideam
1679 1694 1896 1764 motus
1922 1747 1941 1775 ,
1976 1694 2054 1766 C.
2078 1693 2250 1765 Min.
2298 1689 2611 1763 Divisibi-

595 1795 738 1865 litas
773 1797 847 1865 in
888 1807 1033 1864 actu
1057 1800 1267 1887 primo
1291 1849 1310 1878 ,
1362 1798 1485 1867 seu
1515 1800 1587 1893 in
1629 1800 1910 1891 potentia
1945 1792 2283 1870 'divisionis
2324 1798 2611 1869 continet

595 1902 768 1973 idem
785 1903 998 1975 motus
1014 1904 1276 1975 actualis
1293 1955 1313 1986 ,
1356 1906 1447 1977 N.
1492 1907 1666 1977 Min.
1712 1905 1912 1978 Porro
1933 1906 2201 1977 materia
2235 1926 2373 1978 non
2408 1911 2608 1979 cessat

593 2032 731 2080 esse
761 2012 1027 2082 materia
1043 2063 1065 2092 ,
1113 2011 1230 2081 etsi
1272 2011 1356 2083 acl
1398 2018 1617 2083 actum
1645 2014 2006 2085 secundum
2035 2013 2468 2086 divisibilitatis
2495 2034 2611 2085 seu

590 2116 679 2189 ad
699 2119 1017 2191 actualem
1042 2118 1420 2191 divisionem
1446 2142 1585 2190 non
1610 2125 1888 2191 transeat
1928 2144 1955 2191 ε
2008 2141 2193 2193 secus
2213 2120 2380 2191 nihil
2402 2128 2614 2214 posset

593 2250 729 2298 esse
749 2227 1013 2299 materia
1044 2252 1064 2297 z
1099 2249 1235 2297 non
1272 2227 1515 2320 aliquid
1541 2225 1931 2310 indivisum;
1969 2228 2121 2321 quia
2162 2249 2243 2298 ex
2295 2229 2615 2321 supposito

594 2358 732 2407 non
755 2343 916 2407 esset
928 2337 1214 2423 materia,
1243 2337 1367 2406 nisi
1383 2338 1463 2406 sit
1487 2337 1562 2408 in
1596 2342 1781 2406 motu
1807 2336 2090 2429 adeoque
2117 2334 2186 2407 in
2201 2336 2433 2409 actuali
2458 2336 2619 2407 divi-

594 2447 770 2514 sione
814 2471 833 2515 z
873 2466 1012 2516 non
1039 2445 1281 2537 aliquid
1308 2445 1586 2515 divisum
1611 2471 1630 2525 ς
1681 2445 1833 2536 quia
1861 2443 1944 2512 ad
1971 2444 2306 2513 materiam
2330 2444 2616 2534 requiri-

592 2557 700 2621 tm·
728 2553 1010 2623 extensio
1053 2551 1341 2646 adeoque
1384 2550 1780 2644 compositio.
1835 2548 2011 2644 Ergo
2067 2554 2283 2624 motus
2328 2552 2609 2623 materiae

594 2679 730 2758 non
758 2668 856 2732 est
884 2661 1261 2732 essentialis.
2228 2656 2231 2658 “

676 2805 739 2895 ὀ)
770 2805 846 2874 C.
878 2807 1044 2894 Μαί.
1068 2806 1159 2876 Ν.
1190 2806 1370 2878 Min:
1400 2803 1573 2876 Nam
1605 2807 1876 2899 qualitas
1931 2806 2245 2881 sensibilis
2281 2801 2388 2880 'est
2435 2815 2608 2883 certo

588 2913 913 2982 ‘visibilitas
931 2913 1071 2995 rei;
1104 2912 1215 2983 sed
1244 2913 1390 3005 quis
1425 2912 1703 2994 diceret,
1747 2937 1814 2986 v.
1859 2938 1929 3007 g.
1980 2916 2184 2986 solem
2231 2905 2351 2988 nos
2393 2919 2613 3011 perci-

490 3009 499 3012 *
593 3043 746 3114 pere
774 3042 910 3091 non
929 3043 1110 3114 posse
1137 3072 1156 3100 ‚
1210 3021 1266 3090 si
1303 3026 1569 3113 'semper
1603 3022 1677 3091 in
1731 3022 1961 3096 eodem
1997 3028 2238 3115 puncto
2276 3024 2547 3101 haereret
2568 3029 2608 3094 ‘I

595 3128 909 3200 Caeterum
937 3126 1112 3196 aliud
1134 3131 1267 3207 est,
1304 3128 1480 3220 quod
1516 3127 1847 3220 qualitates
1872 3129 2197 3200 sensibiles
2232 3132 2513 3204 materiae
2534 3134 2608 3202 in

594 3244 810 3305 nostra
836 3255 1080 3325 organa
1125 3239 1322 3326 agant
1366 3257 1484 3327 per
1525 3240 1781 3306 motum
1824 3236 2107 3329 aliquem
2156 3237 2548 3332 impressum
2587 3269 2605 3322 ς

593 3342 767 3412 aliud
785 3393 805 3422 ‚
841 3341 1015 3447 quoti
1038 3343 1172 3410 istae
1198 3343 1530 3433 qualitates
1573 3343 1880 3437 objectiva
1931 3347 2224 3434 spectata)
2273 3357 2411 3415 non
2455 3366 2612 3415 am-

593 3452 761 3544 plius
782 3450 853 3520 in
879 3451 1144 3520 materia
1167 3450 1620 3531 subsisterent,
1654 3450 1778 3521 nisi
1805 3451 1933 3518 sint
1961 3450 2033 3519 in
2073 3456 2308 3534 motu}
2339 3450 2409 3522 id
2435 3454 2610 3545 quod

594 3557 996 3654 probandum
1042 3558 1151 3630 hic
1201 3563 1364 3632 esset
1411 3557 1498 3632 ab
1541 3557 1913 3630 adversariis
1937 3608 1960 3640 .
2006 3564 2071 3629 et
2122 3559 2295 3653 quod
2338 3560 2609 3654 probare

446 3768 451 3780 Ι
595 3690 932 3765 nunquam
961 3671 1287 3761 poterunt.

677 3813 731 3901 ο)
766 3812 839 3883 C.
866 3813 1019 3884 Ant.
1046 3817 1110 3885 et
1131 3812 1222 3885 Ν.
1253 3812 1431 3881 com.
1457 3816 1523 3881 et
1541 3814 1737 3891 varic.
1779 3811 1947 3887 Nam
1974 3811 2220 3886 sublata
2248 3811 2606 3884 extensione
