2988 4832
1671 504 1801 578 314

744 631 895 700 uota
916 676 935 707 ‚
969 623 1100 718 qud
1126 623 1210 698 ab
1257 622 1478 698 iisdem
1508 620 1787 694 differret
1810 648 1832 693 ι
1871 621 2049 715 atqui
2076 622 2150 694 in
2178 606 2363 702 Deo}
2396 605 2583 696 nulla
2606 628 2744 696 nota

742 736 1085 805 essentialis
1116 756 1239 803 nec
1267 737 1363 804 est
1389 754 1515 804 nec
1541 755 1676 802 esse
1702 736 1906 824 potest
1927 731 2299 804 communis
2321 751 2476 799 cum
2508 734 2745 804 creatu·

740 845 829 916 ris
845 894 865 924 ‚
890 842 1005 914 sed
1029 842 1202 914 Deus
1223 840 1308 913 ab
1330 841 1484 934 ipsis
1517 846 1614 912 est
1634 846 1804 911 totus
1827 838 2118 912 diversus
2139 866 2161 925 ς
2196 861 2472 932 θυμω.
2503 839 2616 934 (1).

829 996 1075 1091 Nempe
1108 1021 1294 1088 yenus
1316 1018 1680 1090 supremum·
1696 1018 1809 1067 seu
1827 1021 1945 1066 esse
1971 1000 2322 1088 qenert'cum
2344 995 2587 1089 duplici
2612 1019 2749 1067 sen-

742 1128 819 1176 su
863 1107 1131 1200 intelligi
1162 1112 1364 1199 potest
1400 1106 1418 1176 ε’
1462 1108 1536 1174 in
1574 1130 1751 1174 sensu
1772 1107 2074 1175 abstracto
2090 1158 2116 1187 ,
2148 1106 2203 1175 si
2236 1105 2670 1175 consideretur
2688 1111 2751 1174 ut

742 1238 858 1282 csse
877 1265 896 1294 ,
939 1214 1111 1306 quod
1163 1216 1680 1305 quomodocunque
1746 1211 2048 1282 omnibus
2104 1205 2357 1281 entibus
2415 1235 2750 1281 commune

742 1330 858 1406 est,
890 1323 1310 1392 abstrahendo
1339 1322 1421 1391 ab
1449 1321 1847 1416 omnietiam
1870 1321 2184 1391 essentiali
2204 1320 2400 1390 modo
2430 1321 2746 1389 existendi:

741 1438 805 1500 et
834 1438 907 1498 in
928 1454 1103 1499 sensu
1135 1444 1423 1510 concreto,
1486 1430 1542 1499 si
1569 1426 1998 1499 consideretur
2021 1435 2098 1498 ut
2125 1451 2258 1499 esse
2283 1480 2304 1509 ‚
2367 1430 2545 1520 quod
2593 1434 2756 1497 cnti-

740 1538 863 1609 bus
886 1540 1003 1609 sub
1033 1563 1098 1609 se
1130 1540 1443 1610 contentis
1469 1537 1663 1607 modo
1687 1537 1961 1629 singulis
1991 1539 2250 1631 proprio
2271 1522 2580 1607 'inexistih
2613 1536 2756 1605 Por-

741 1670 817 1719 ro
842 1673 957 1717 esse
986 1649 1283 1741 generico
1309 1650 1385 1715 in
1425 1670 1603 1714 sensu
1623 1659 1891 1713 concreto
1919 1652 2173 1739 sumpto
2213 1669 2346 1714 non
2378 1647 2571 1713 etiam
2593 1644 2757 1713 Deus

740 1756 1115 1849 participat3
1150 1754 1463 1845 siquidem
1509 1778 1627 1822 esse
1656 1755 2049 1846 genoricum,
2083 1753 2253 1844 quod
2291 1752 2594 1823 omnibus
2616 1777 2757 1846 spe-

744 1862 957 1931 ciebus
983 1869 1045 1930 et
1071 1862 1416 1932 individuis
1449 1861 1644 1931 modo
1687 1862 1955 1952 singulis
1992 1862 2252 1953 proprio
2279 1860 2561 1930 inexistit*
2579 1914 2600 1942 ,
2630 1884 2757 1932 non

744 1977 934 2039 etiam
961 1968 1097 2039 Deo
1125 1970 1319 2040 modo
1348 1969 1631 2062 quodam
1670 1969 1928 2061 proprio
1978 1969 2250 2038 inexistit
2274 2020 2292 2049 ,
2328 1991 2406 2039 ac
2430 1976 2759 2063 propterea

743 2078 935 2147 etiam
959 2077 1133 2147 Deus
1177 2100 1316 2148 non
1343 2076 1540 2146 habet
1566 2098 1700 2146 esse
1730 2074 1989 2168 aliquod
2015 2077 2187 2146 reale
2231 2099 2586 2148 commune
2616 2103 2758 2150 cum

744 2184 987 2274 caeteris
1031 2184 1285 2255 entibus
1313 2238 1330 2266 ,
1367 2208 1443 2255 ac
1470 2184 1662 2278 proin
1706 2206 1829 2253 nec
1855 2184 2275 2254 differentiam
2296 2187 2367 2254 in
2395 2209 2464 2255 se
2491 2211 2616 2257 nec
2644 2213 2756 2281 ge-

742 2310 868 2362 nus
897 2292 1216 2375 continet,
1266 2295 1380 2363 sed
1406 2300 1502 2363 est
1530 2316 1646 2366 ens
1672 2314 1930 2388 prorsus
1955 2292 2302 2385 singulare.
2369 2296 2524 2362 Esse
2550 2303 2757 2367 autem

742 2401 1116 2495 genoricum
1164 2406 1236 2472 in
1291 2429 1467 2472 sensu
1493 2404 1806 2473 abstracto
1860 2408 2192 2496 sumptum
2230 2404 2593 2496 concipitur
2614 2408 2757 2500 qui-

744 2509 894 2578 dem
922 2508 1059 2580 Deo
1080 2534 1233 2580 cum
1262 2512 1565 2580 creaturis
1594 2534 1941 2582 commune
1963 2564 1982 2592 ‚
2018 2510 2130 2591 sed
2170 2534 2520 2582 commune
2573 2515 2753 2584 modo

744 2619 1152 2687 essentialiter
1177 2620 1423 2689 diverso
1451 2621 1566 2688 :in
1620 2622 1922 2690 creaturis
1975 2620 2266 2690 videlicet
2310 2626 2384 2690 ut
2414 2627 2753 2693 necessario

742 2728 1163 2816 conjunctum
1185 2749 1344 2799 cum
1373 2751 1656 2801 now-esse
1676 2777 1702 2810 ,
1732 2734 1797 2798 et
1826 2731 2139 2803 includens
2158 2729 2230 2803 in
2254 2752 2324 2803 se
2351 2733 2751 2822 negationem

745 2835 1025 2926 aliquam
1049 2837 1619 2922 attenuationem
1643 2840 1714 2911 in
1731 2838 1868 2909 Deo
1895 2862 2049 2917 vero
2076 2845 2150 2913 ut
2171 2844 2524 2915 necessario
2549 2846 2754 2915 exclu-

742 2945 888 3012 dem
919 2965 1182 3017 omnem
1204 2949 1612 3038 negationem
1632 2949 1718 3037 {et
1741 2949 2184 3023 limitationem
2208 3003 2226 3028 ‚
2270 2955 2345 3021 ut
2366 2974 2490 3021 esse
2513 2953 2751 3039 plenum

738 3062 800 3121 et
840 3051 1179 3123 ubsolam·
1205 3075 1323 3125 scu
1352 3053 1699 3125 absorbens
1728 3077 1922 3125 omne
1948 3079 2084 3128 esse
2104 3109 2126 3142 ,
2162 3056 2336 3149 quod
2359 3079 2753 3151 consequen-

735 3162 841 3338 l1:21·
859 3161 1209 3234 necessario
1235 3162 1427 3233 etiam
1435 3185 1573 3236 esse
1598 3169 2040 3237 creaturarum
2066 3167 2432 3251 eminenter
2449 3189 2515 3245 et
2533 3171 2751 3245 vatus-⁶

772 3265 888 3339 ‘ter
916 3269 1271 3351 contineat,
1295 3301 1308 3318 x

825 3429 1060 3505 Senot:
1101 3429 1548 3526 Expressiones
1574 3437 1920 3532 Scripturae
1943 3495 1960 3523 ‚
1997 3438 2136 3515 Deo
2183 3441 2401 3519 oculos
2424 3448 2453 3525 ‚⁸
2502 3441 2761 3519 brachia

743 3545 865 3611 etc.
896 3542 1231 3612 tribuentis
1256 3546 1684 3637 metaphorice
1707 3549 2101 3643 accipiendas
2129 3573 2264 3622 esse
2286 3552 2542 3623 clarum
2566 3560 2682 3627 ost.

846 3718 995 3793 131.
1016 3718 1383 3796 lauimus
1390 3728 1511 3795 Dei
1518 3739 1608 3796 eet
1624 3729 1963 3801 intrinseca
1981 3735 2212 3806 divim
2226 3749 2479 3808 mmm
2495 3749 2556 3799 a!
2572 3750 2756 3798 men·

803 3947 878 4024 (ἱ)
905 3949 1035 4004 vm,
1053 3951 1267 4007 emanat.
1291 3956 1618 4023 socnam»
1663 3960 1845 4018 mom.
1877 3964 2054 4016 Μιω
2094 3959 2150 4003 α·
2201 3957 2323 4023 rag.
2349 3958 2638 4018 uotam.
