2988 4832
1548 520 1679 591 300

620 675 633 706 -·
688 647 767 719 R.
814 643 901 719 D.
938 650 1101 737 Maj.
1136 647 1486 719 Simulum
1514 646 1664 715 indo
1695 664 1967 736 sequens
1994 646 2327 713 necessario
2355 667 2610 716 connec-

598 758 759 826 titur
785 779 938 828 cum
968 757 1135 826 dono
1149 809 1169 836 ‚
1215 756 1287 826 C.
1317 751 1487 844 Maj.
1521 751 1594 825 Si
1618 754 1832 824 solum
1853 753 2315 822 accidentaliter
2337 774 2613 825 connec-

600 866 770 945 titur,
806 866 997 960 subd«.
1028 863 1098 935 Si
1127 866 1287 934 dans
1318 861 1599 933 intendit
1629 860 1904 940 malum,
1939 853 2151 932 malus
2179 866 2294 941 est,
2340 864 2415 933 C.
2452 865 2612 950 Μαί.

596 972 667 1043 Si
696 997 831 1044 non
858 973 1148 1049 intendit,
1184 973 1275 1042 N
1296 955 1468 1061 Μαί.
1504 977 1568 1063 ot
1589 993 1734 1060 par.
1763 973 1848 1040 D.
1887 972 2058 1040 Min.
2101 972 2191 1040 N.
2238 971 2420 1039 Com.
2457 970 2614 1039 Nam

596 1080 832 1152 abusus
856 1082 1161 1173 libertatis
1202 1102 1336 1149 non
1366 1085 1460 1150 est
1485 1079 1837 1149 necessario
1873 1100 2204 1148 connexus
2231 1100 2385 1148 cum
2412 1078 2631 1149 liber-⁷

596 1194 752 1267 tato,
804 1188 871 1257 id
921 1189 1053 1256 imo
1096 1188 1167 1257 in
1210 1209 1276 1257 so
1318 1186 1642 1279 implicat3
1693 1208 1851 1256 uam
1892 1187 1949 1255 si
1994 1186 2230 1255 abusus
2269 1190 2618 1257 necessario

598 1317 754 1365 cum
781 1295 1066 1365 libertate
1102 1293 1428 1366 commxus
1460 1300 1640 1374 esset,
1670 1296 1808 1385 jam
1847 1298 2008 1363 esset
2046 1293 2281 1363 abusus
2320 1294 2618 1363 libertatis

600 1425 681 1473 ex
709 1401 1062 1495 hypothesi.
1094 1409 1157 1472 et
1181 1423 1316 1472 non
1338 1407 1500 1472 osset
1519 1400 1762 1493 abusus
1781 1400 2105 1478 libertatis,
2134 1423 2288 1471 cum
2314 1402 2386 1470 in
2416 1402 2619 1471 abusu

595 1512 732 1603 ipso
758 1510 939 1579 nulla
969 1515 1129 1579 esset
1158 1509 1434 1580 libertas·
1472 1508 1693 1601 ltaque
1733 1508 1970 1579 abusus
2009 1508 2221 1578 solum
2249 1510 2619 1580 accidenta-

596 1619 739 1686 liter
769 1640 847 1687 ex
881 1618 1170 1687 libertate
1211 1620 1518 1709 sequitur,
1565 1622 1880 1708 quatenus
1919 1616 2155 1687 abusus
2196 1618 2292 1687 rei
2326 1617 2626 1711 supponit

595 1709 988 1794 existentiam
1027 1725 1165 1804 rei;
1213 1723 1388 1794 Deus
1430 1730 1649 1793 autom
1697 1723 1950 1793 homini
2000 1722 2358 1793 libertatem
2408 1724 2622 1793 solum
2659 1809 2664 1815 Π

598 1821 799 1910 dedit,
840 1831 1014 1899 unde
1058 1831 1113 1900 si
1158 1830 1403 1908 maliti&
1442 1831 1724 1901 hominis
1766 1830 2024 1901 effectus
2055 1829 2268 1908 malus
2295 1832 2581 1921 sequitur
2600 1881 2617 1907 ,

596 1940 703 2008 hic
728 1938 865 2009 Deo
890 1938 1085 2009 tribui
1112 1941 1355 2030 nequit,
1401 1941 1552 2031 quia
1578 1961 1701 2008 nce
1733 1938 1968 2008 naturai
1993 1938 2114 2009 suit
2139 1947 2295 2009 cum
2324 1937 2622 2008 libertate

600 2050 1020 2127 connectitur,
1063 2069 1187 2117 noc
1208 2069 1250 2116 a
1271 2046 1410 2116 Deo
1443 2044 1823 2116 intenditur.

687 2230 849 2297 Inst.
878 2229 949 2297 4⁰
977 2226 1103 2310 Qui
1129 2225 1430 2319 praevidet
1458 2224 1756 2295 effectum
1786 2228 2094 2293 ettamen
2123 2229 2304 2317 pomt
2326 2245 2585 2294 causam
2601 2277 2616 2300 ‚

596 2336 866 2407 intendit
892 2335 1193 2405 effectum
1216 2384 1239 2415 .
1286 2334 1436 2403 licet
1467 2355 1548 2403 ex
1579 2354 1648 2402 se
1690 2330 2149 2402 accidentalem
2180 2357 2196 2399 ι
2232 2332 2407 2422 atqui
2451 2331 2624 2399 Deus

594 2446 898 2537 praevidet
950 2443 1229 2512 abusum
1268 2441 1575 2510 libertatis
1625 2446 1690 2509 et
1726 2448 1947 2512 tamen
1991 2439 2202 2510 dando
2256 2440 2618 2511 libertatem

597 2553 777 2642 ponit
807 2572 1071 2620 causam
1103 2549 1384 2629 abusfis3
1424 2570 1698 2639 erg0....‚

691 2725 776 2806 R.'
821 2737 909 2805 11.
943 2738 1110 2823 Maj.
1150 2735 1277 2817 Qui
1306 2736 1611 2826 praevidet
1629 2736 1926 2808 effectum
1943 2744 2006 2807 et
2024 2745 2243 2807 tamen
2272 2742 2453 2829 ponit
2473 2762 2625 2806 cau·
2663 2807 2671 2824 ⁶

597 2868 735 2912 sam
763 2845 1083 2930 formalem
1111 2865 1225 2913 seu
1241 2851 1315 2912 ut
1346 2844 1606 2913 effectus
1630 2845 1962 2926 habeatur,
1997 2847 2270 2915 intendit
2296 2847 2620 2932 effectum,

603 2956 677 3023 C.
711 2956 876 3042 Maj.
930 2952 1054 3034 Qui
1086 2952 1267 3044 ponit
1316 2975 1576 3023 causam
1606 2954 1816 3024 solum
1845 2957 2226 3023 materialem
2249 3006 2268 3034 ,
2321 2956 2517 3022 subd.
2556 2953 2626 3023 Si

598 3063 901 3130 effectum
927 3067 1182 3131 tenetur
1225 3062 1535 3154 impedire
1560 3115 1575 3141 ,
1621 3064 1692 3132 C.
1724 3065 1895 3152 Maj.
1935 3061 2006 3131 Si
2049 3084 2184 3131 non
2215 3066 2467 3129 tenetur
2495 3062 2628 3128 im-

597 3171 809 3261 pedire
834 3221 851 3247 ‚
886 3170 975 3239 N.
1031 3171 1200 3258 Maj.
1250 3168 1420 3238 Nam
1472 3176 1547 3239 ut
1577 3172 1830 3263 egregie
1860 3170 2127 3240 advertit
2157 3168 2240 3237 D.
2293 3167 2579 3237 Thomas
2602 3218 2624 3244 .

474 3264 498 3288 ⁸
600 3276 822 3367 triplici
849 3276 918 3343 in
958 3298 1109 3345 casu
1132 3278 1399 3368 ponenti
1428 3299 1690 3346 causam
1715 3278 2129 3370 imputandus
2181 3283 2276 3345 est
2312 3275 2621 3345 effectus:

600 3386 667 3452 1⁰
690 3385 745 3454 si
774 3383 1031 3453 effectus
1064 3406 1142 3453 ex
1190 3406 1259 3455 se
1302 3387 1655 3454 necessat-io
1705 3393 2005 3477 sequatur
2059 3406 2139 3454 ex
2187 3380 2380 3453 censii
2410 3383 2624 3453 libere

595 3492 836 3583 positia
868 3493 935 3560 2⁰
977 3491 1030 3560 si
1059 3493 1529 3561 accidentaliter
1559 3494 1822 3582 quidem
1870 3493 2158 3585 sequitur
2180 3501 2203 3573 ,“
2250 3490 2365 3562 sed
2413 3491 2625 3562 effec-

459 3682 464 3687 .
601 3608 699 3666 tus
722 3600 979 3690 positivo
1015 3600 1368 3668 intenditur
1392 3629 1409 3681 ;
1460 3606 1524 3668 et
1551 3601 1618 3669 3⁰
1644 3602 1696 3669 si
1725 3603 1950 3670 saltem
1972 3601 2357 3694 praevidetur
2375 3601 2440 3668 et
2466 3622 2628 3669 oum

598 3706 965 3799 praevisione
1013 3709 1356 3800 conjuncta
1409 3710 1487 3777 sit
1516 3708 1813 3801 obligatio
1859 3710 2250 3804 impediendi
2293 3707 2621 3780 effectum.
2667 3779 2671 3784 .

596 3812 738 3882 Jam
769 3835 921 3883 vero
954 3816 1020 3884 1·
1045 3837 1125 3886 ex
1165 3816 1454 3909 libertate
1483 3836 1620 3885 non
1643 3819 1931 3910 sequitur
1973 3816 2330 3888 necessario
2351 3813 2619 3894 abusus,

598 3944 719 3996 neo
737 3921 910 3998 Deus
954 3923 1043 4023 2⁰>
1066 3925 1341 4000 abusum
1381 3926 1687 4008 intendit,
1721 3948 1841 3998 nec
1879 3927 1948 3998 3⁰
1977 3942 2171 4007 ωιτη
2219 3928 2335 3998 etsi
2371 3926 2626 4016 praevi-
