2988 4832
1287 551 1373 621 93

358 627 756 756 manifestet,
790 682 853 746 et
896 674 960 768 3)
991 697 1106 746 ens
1136 685 1421 747 creatum
1447 727 1465 756 ‚
1516 672 1619 745 cui
1643 671 2074 746 manifestetur
2093 728 2112 756 .
2154 677 2351 770 siqui·

335 785 496 856 *dem
525 784 701 857 Deus
749 807 865 877 per
894 786 1279 855 creationem
1322 808 1457 854 non
1490 783 1607 852 sibi
1628 784 1982 883 manifestat
2022 806 2164 876 suas
2197 808 2356 891 per-

343 893 679 963 sectiones:
717 892 890 987 atqui
906 893 1320 963 manifestatio
1385 886 1748 962 divinarum
1795 890 2254 984 perfectionum
2281 894 2352 961 in

346 1023 604 1071 summo
628 1001 832 1092 gradu
850 1002 1131 1091 possibili
1158 1007 1472 1090 repugnat

438 1149 501 1214 1ο
540 1148 655 1214 Rei
681 1143 715 1226 ,”
751 1170 881 1236 quoe
899 1163 1327 1234 manetescamr
1353 1200 1372 1227 ,
1398 1148 1443 1216 i.
1482 1169 1543 1217 e.
1575 1143 2065 1239 perfectionibus
2095 1142 2353 1212 divinis.·

351 1251 521 1322 Nam
537 1290 544 1299 ·
560 1252 789 1325 divinae
817 1256 1231 1345 perfectiones
1256 1262 1407 1326 sunt
1435 1254 1748 1325 intensive
1768 1252 2076 1332 infinitoe3
2109 1271 2262 1342 ergo
2282 1250 2355 1319 in

346 1360 578 1450 majori
604 1380 872 1454 semper*
892 1363 1096 1454 gradu
1121 1363 1511 1435 manifestari
1555 1367 1841 1455 possunt,
1873 1361 2035 1451 quin
2064 1378 2358 1450 unquam

338 1464 419 1534 ad
442 1467 746 1537 ultimum
775 1470 1051 1559 gradum
1076 1472 1396 1560 perveniri
1421 1470 1613 1561 possit
1633 1520 1651 1549 ,
1680 1491 1833 1538 cum
1855 1488 2037 1537 secus
2064 1466 2179 1535 iste
2202 1488 2354 1557 gra-

339 1572 461 1642 dus
490 1580 651 1646 esset
675 1573 862 1651 limes
884 1575 1260 1650 intensionis
1292 1575 1657 1648 divinarmn
1686 1573 2171 1668 perfectionum.
2200 1572 2358 1644 Re·-

339 1685 592 1773 Pugnflt
661 1675 675 1680 „
752 1673 788 1680 i*
875 1673 890 1677 ..
2376 1754 2377 1759 ,

422 1817 500 1887 2·
543 1815 659 1888 Ra·
682 1871 701 1899 ,
744 1840 877 1910 qma
903 1819 1305 1909 manifestat:
1336 1817 1395 1891 i.‘
1415 1828 1488 1889 et*
1511 1824 1840 1889 creaturae.
1885 1816 2059 1888 Nam
2098 1816 2355 1913 quodli-

337 1923 450 1994 bet
485 1932 773 1996 creatum
816 1933 911 1996 est
942 1928 1261 1998 necesario
1307 1927 1565 1998 finitum
1596 1954 1615 1997 z
1649 1925 1844 2018 atqui
1867 1923 2156 2017 quolibet
2175 1926 2355 1995 finito

340 2032 565 2103 minus
608 2033 865 2103 finitum
913 2040 1008 2104 est
1041 2034 1334 2127 possibile
1377 2039 1443 2104 et
1482 2032 1799 2115 creabile3
1845 2033 2062 2102 minus
2100 2032 2358 2103 finitum

346 2146 572 2208 autem
599 2191 616 2219 ,
664 2146 980 2232 quantum
1006 2142 1093 2235 de
1119 2164 1185 2210 se
1209 2164 1322 2210 seu
1349 2143 1580 2210 naturai
1611 2141 1727 2209 sud
1748 2192 1768 2221 ,
1799 2141 1946 2232 plus
1987 2142 2361 2233 perfectioni

340 2247 702 2318 manifestat
724 2298 746 2327 ‚
784 2268 984 2338 quam
1019 2248 1238 2339 magis,
1253 2245 1512 2315 finitum
1538 2273 1557 2329 3
1585 2269 1745 2339 ergo
1786 2248 2047 2316 nullum
2091 2240 2354 2317 finitum

338 2353 622 2445 adeoque
642 2372 767 2427 nec
792 2352 1079 2426 mundus
1106 2354 1521 2448 perfectiones
1542 2353 1788 2425 divinas
1810 2353 1882 2424 in
1915 2375 2172 2430 summo
2195 2376 2360 2450 gra-

343 2459 423 2529 du
460 2459 742 2554 possibili
766 2460 1184 2534 manifestare*
1202 2465 1425 2555 potest.
1444 2458 1805 2555 Repugnat
1823 2462 2093 2536 demum
2114 2491 2119 2516 ,-

436 2604 513 2676 3⁰
545 2605 718 2675 ‘Emi
728 2653 753 2687 ‚
782 2607 890 2674 cui
907 2606 1362 2693 manifestatur.
1381 2602 1555 2676 Nam
1580 2601 1840 2677 nullum
1859 2624 1978 2678 ens
1996 2604 2359 2701 intelligens
2422 2609 2425 2614 ⁴

341 2718 637 2784 creatum
680 2733 816 2783 esse
854 2718 1097 2806 potest,
1131 2716 1304 2806 quod
1335 2712 1422 2784 ita
1448 2721 1790 2806 cognoscat
1812 2717 2223 2808 perfectiones
2248 2703 2379 2786 di-‘

339 2821 530 2890 vines
556 2873 573 2901 ‚
615 2827 692 2890 ut
726 2819 891 2893 nihil
910 2821 1187 2915 amplius
1212 2844 1292 2892 ex
1320 2822 1411 2892 eis
1434 2822 1859 2915 cognoscibile
1886 2825 2170 2915 supersit,
2199 2837 2368 2894 cum*

343 2948 533 2997 secus
567 2926 781 2997 Deum
800 2980 819 3008 ,
858 2933 1077 3022 utpote
1100 2929 1496 3022 adaequatam
1524 2929 1605 2999 de
1628 2950 1706 2999 eo
1746 2929 1990 2998 habens
2034 2932 2359 3021 cognitio-

346 3056 508 3107 nem
535 3088 553 3116 ,
584 3035 1151 3129 comprehenderet
1178 3066 1196 3120 ;
1222 3060 1376 3131 ergo
1402 3044 1463 3109 et
1487 3036 1653 3107 nulli
1673 3038 1806 3106 enti
1827 3041 2037 3106 creato
2060 3039 2359 3107 manifes-

337 3141 497 3213 tatio
544 3143 909 3215 divinarum
947 3146 1412 3237 perfectionum
1433 3146 1526 3221 lin
1557 3147 1815 3216 summo
1852 3143 2129 3239 possibfli
2153 3144 2358 3235 gradu

332 3249 494 3324 fieri
526 3257 730 3345 potest
755 3280 775 3336 ;
804 3272 1072 3347 ergo....

443 3387 738 3465 Prob.'2⁰
779 3389 1091 3487 Neqative.
1140 3395 1209 3466 Si
1232 3395 1355 3466 dici
1381 3388 1588 3489 posset
1627 3395 1911 3466 mundus
1931 3394 2036 3463 hic
2072 3390 2355 3463 absolute

336 3512 665 3601 perfectus
683 3564 701 3592 ,
752 3519 955 3594 esset,
981 3518 996 3598 ξ
998 3515 1147 3606 quia
1169 3514 1341 3584 Deus
1362 3514 1431 3583 in
1455 3514 1790 3605 hypothesi
1818 3499 2365 3582 determinationis*

336 3614 426 3686 ad
471 3619 819 3688 creandum
853 3625 1174 3694 teneretur
1217 3622 1323 3692 vel
1350 3622 1430 3691 ad
1457 3622 1773 3713 optimum
1825 3643 1901 3690 ex
1942 3624 2120 3711 parte
2149 3620 2359 3711 operis

373 3730 532 3796 uxta
553 3724 998 3809 Leibnitzium,
1022 3729 1129 3799 vel
1146 3730 1227 3799 ad
1248 3752 1572 3802 summam
1605 3749 1788 3801 suam
1813 3730 2082 3820 gloriam
2105 3730 2358 3797 extrin-

337 3851 556 3904 secam
580 3837 757 3926 juxta
780 3833 1354 3908 Mallebranchium
1382 3866 1398 3909 ε
1438 3838 1616 3930 atqui
1636 3840 1938 3907 neutrum
1951 3836 2088 3907 'dici
2126 3842 2351 3930 potest.

332 3939 406 4014 Si
456 3942 626 4016 enim
671 3965 746 4020 ex
772 3945 983 4043 aliquo
1008 3948 1205 4042 capite
1245 3947 1322 4017 ad
1349 3967 1506 4042 opus
1529 3937 2051 4039 perfectissimum
2075 3932 2359 4040 adeoque
