2988 4832
658 586 742 648 R.
780 576 867 655 Β.
898 578 1387 653 Ant.Act1vitas
1414 558 1713 674 supponit
1744 522 2163 654 substantiam
2197 601 2269 652 se
2306 581 2594 674 priorem

568 682 635 754 in
653 684 907 756 notione
929 688 1164 760 animoe
1177 691 1314 783 qua
1339 692 1517 772 eritis,
1548 692 1622 760 C.
1646 689 1801 761 Ant.
1825 690 1969 774 Qua
1994 692 2279 782 spiritus,
2311 691 2408 760 N.
2430 691 2590 761 Ant.

569 797 634 860 et
664 792 841 863 Com.
874 792 1178 888 Activitas
1212 798 1475 889 quidem
1509 820 1646 869 non
1673 805 1765 868 est
1791 799 2181 892 primarium
2207 798 2594 868 attributum

568 902 801 971 animm
835 915 906 971 ιιι
939 906 1139 985 εηιίες
1178 905 1288 983 hic
1313 912 1534 977 autem
1571 907 1781 998 agitur
1827 905 1910 976 de
1950 905 2256 998 primario
2288 904 2594 975 attributo

568 1004 805 1081 animae
835 1023 908 1080 ut
933 1014 1191 1103 wiricus
1220 1036 1338 1085 scu
1374 1037 1505 1106 quo
1547 1017 1765 1085 anima
1803 1013 2204 1084 constituitur
2246 1013 2320 1086 in
2349 1012 2428 1084 ea
2455 1036 2596 1108 spe-
2708 1020 2711 1021 *

570 1115 666 1187 cic
695 1115 1227 1203 substantiarum,
1256 1144 1403 1214 quae
1429 1126 1524 1193 est
1550 1124 1924 1197 spirituum.

573 1316 586 1323 ι.
656 1258 820 1328 Ῑιιιι.
868 1257 1066 1352 Atqui
1095 1262 1378 1332 actiVitas
1408 1281 1545 1331 non
1581 1267 1674 1343 est
1700 1262 2083 1354 primarium
2133 1283 2370 1334 anunm
2398 1256 2594 1335 attri-·'

567 1373 800 1447 butum
828 1395 913 1445 ne
948 1377 1075 1469 qua
1102 1380 1353 1471 spiritus
1394 1379 1682 1470 quidem.
1714 1377 1884 1457 Nam
1913 1379 1976 1471 a)
2002 1402 2080 1449 ex
2108 1381 2420 1450 activitate
2450 1403 2587 1453 non

568 1482 782 1552 fluunt
826 1485 1043 1553 omnia
1095 1486 1435 1576 spirituum
1476 1485 1775 1555 attributa
1799 1538 1817 1565 ‚
1863 1487 1959 1555 uti
1999 1498 2067 1557 v.
2122 1509 2192 1578 g.
2248 1488 2583 1569 voluntas3

351 1620 362 1644 x
457 1590 479 1647 .’
566 1614 833 1683 ergo....
863 1592 919 1683 b)
957 1593 1235 1684 activitas
1258 1593 1451 1661 etiam
1473 1592 1678 1663 brutis
1714 1598 2013 1663 convenit
2047 1619 2071 1677 ς
2106 1595 2284 1675 atqui
2308 1594 2452 1667 haec
2480 1601 2591 1667 ta-

563 1721 724 1770 men
741 1720 883 1768 non
912 1704 1062 1768 sunt
1081 1700 1334 1792 spiritus
1344 1725 1371 1780 ‚-
1410 1722 1678 1793 ergo....

654 1823 738 1895 R.
792 1825 884 1893 N.
926 1826 1102 1895 Min.
1141 1826 1384 1917 Subspt.
1425 1825 1532 1897 Ad
1564 1826 1749 1920 prob.
1775 1844 1838 1920 a)
1866 1829 1954 1898 Β.
2006 1829 2163 1901 Ant.
2194 1844 2339 1905 Non
2366 1833 2589 1902 omnia

570 1933 869 2003 attributa
890 1933 1227 2026 spirituum
1250 1935 1464 2004 fluunt
1490 1958 1570 2005 ex
1592 1936 1924 2017 nativitate,
1954 1937 2002 2007 i.
2034 1961 2097 2008 e.
2128 1940 2438 2010 activitate
2463 1963 2590 2032 gc-

569 2042 781 2111 nerice
815 2044 1118 2134 concepta
1136 2065 1270 2111 non
1299 2044 1746 2136 concipiuntur
1784 2066 2009 2115 omncs
2037 2051 2273 2138 species
2293 2048 2592 2118 activita-

567 2150 664 2229 tis,
699 2151 773 2219 C.
805 2151 985 2230 Ant..
1019 2151 1065 2219 i.
1100 2172 1160 2230 e,
1190 2149 1402 2242 aliqua
1426 2152 1665 2242 species
1690 2154 2016 2223 activitatis
2044 2176 2158 2224 seu
2196 2156 2454 2248 aliquod
2484 2162 2588 2227 at-

565 2254 875 2328 tributum
907 2258 1149 2351 spiritui
1190 2257 1524 2351 proprium
1555 2262 1804 2352 concipi
1847 2266 2049 2352 potest
2093 2284 2229 2331 non
2276 2286 2584 2356 praecon-

566 2367 746 2457 cepta
772 2369 1081 2441 activitate
1120 2370 1481 2452 intrinseca,
1539 2372 1628 2442 N.
1664 2372 1816 2440 Ant.
1855 2376 1918 2440 et
1961 2372 2117 2442 hinc
2164 2374 2344 2443 Cous.
2393 2373 2584 2445 Unda

571 2472 715 2544 fluit
749 2499 1126 2570 responsum
1153 2479 1234 2548 ad
1253 2479 1694 2572 probationem
1729 2480 2007 2570 primam
2034 2479 2114 2548 dc
2143 2481 2490 2551 voluntate.
2521 2481 2580 2573 b)

559 2569 863 2653 Activitas
888 2587 1078 2655 etiam
1101 2585 1307 2656 brutis
1332 2593 1426 2656 est
1459 2588 1842 2667 communiS,
1882 2591 1969 2657 D.
2001 2590 2169 2675 Maj.
2199 2588 2442 2657 Eadem
2472 2612 2581 2681 ge-

560 2715 738 2771 nere,
775 2693 848 2763 C.
879 2696 1046 2782 Maj.
1087 2693 1330 2764 Eadem
1351 2696 1578 2787 specie,
1620 2697 1710 2764 N.
1747 2696 1913 2783 Maj.
1950 2700 2014 2763 et
2044 2698 2130 2763 D.
2165 2697 2335 2766 Min.
2382 2696 2585 2768 Bruta

559 2811 696 2868 non
733 2806 884 2869 sunt
906 2802 1160 2894 spiritus
1182 2853 1203 2882 ,
1247 2803 1295 2872 i.
1334 2826 1397 2873 e.
1431 2803 1596 2872 nihil
1623 2802 1882 2882 habent,
1934 2802 2105 2893 quod
2139 2803 2216 2871 sit
2259 2805 2584 2897 spiritibus

559 2897 889 3001 proprium
913 2960 931 2987 ,
983 2909 1074 2980 N.
1119 2912 1289 2982 Min.
1321 2909 1577 2981 Habent
1596 2913 1772 2981 enim
1800 2911 2184 2980 activitatem
2208 2913 2583 2985 sensationis

560 3009 623 3094 «ξι
646 3016 1067 3108 appetitionis,
1089 3040 1206 3109 per
1232 3040 1432 3109 quam
1465 3020 1550 3088 ab
1572 3021 1754 3090 omni
1771 3019 2036 3089 materia
2069 3019 2574 3111 distinguuntur.

560 3121 632 3193 Id
662 3132 775 3207 est,
808 3149 946 3196 non
969 3126 1209 3198 hahent
1240 3152 1434 3201 omne
1461 3129 1529 3199 id
1550 3182 1567 3209 ,
1598 3128 1788 3221 *quod
1829 3127 2073 3216 spiritui
2105 3129 2360 3221 proprie
2405 3121 2577 3205 dicto

559 3221 969 3304 essentialiter
992 3239 1311 3329 competit,
1350 3241 1424 3308 C.
1450 3239 1621 3309 Min.
1642 3237 1791 3307 Non
1823 3238 2001 3306 enim
2022 3235 2264 3307 habent
2290 3238 2576 3308 activita-

559 3323 689 3410 t'em
718 3341 1076 3435 intellectus
1127 3349 1191 3412 ct
1222 3347 1591 3417 voluntatis.
1641 3344 1829 3415 Unde
1873 3345 1988 3414 etsi
2018 3344 2298 3415 activitas
2341 3347 2572 3421 animm

559 3447 858 3518 belluinae
878 3455 941 3518 ct
962 3450 1286 3533 humanae,
1317 3453 1447 3545 qua
1470 3454 1619 3523 talis
1649 3450 1905 3544 praecise
1924 3451 2225 3531 activitas,
2257 3451 2336 3521 sit
2366 3476 2575 3526 essen«

467 3575 478 3582 ·
561 3554 784 3644 tialiter
818 3555 1148 3642 distincta,
1179 3583 1316 3632 non
1346 3568 1567 3634 tamen
1599 3562 1727 3656 qua
1758 3558 2038 3633 activitas
2055 3559 2424 3654 simpliciter
2457 3564 2581 3656 (1).

620 3764 691 3830 (1·
722 3765 803 3817 Sic
839 3770 1064 3831 quamvis
1094 3771 1373 3821 animalitas
1406 3771 1633 3835 corporis
1662 3770 1871 3822 humani
1908 3771 1971 3820 ab
2010 3768 2092 3819 ani
2095 3783 2177 3819 ma
2149 3770 2313 3822 ainata
2351 3772 2572 3835 corporis

557 3835 689 3886 cervi
708 3837 790 3889 vcl
806 3839 920 3903 cqui
940 3841 1147 3894 omnino
1176 3842 1419 3908 distinguo
1393 3847 1537 3911 ιι,ιιιι·
1571 3847 1739 3894 tamen
1760 3843 1934 3894 essent
1923 3856 1968 3891 a
1989 3843 2261 3905 metaphvsi
2262 3857 2320 3893 ca
2352 3844 2569 3906 corporis

562 3908 764 3961 numani
793 3909 844 3959 in
878 3913 1181 3967 animalitate
1199 3914 1526 3973 simulitum-⁸
1536 3916 1796 3975 ekoncuda
1817 3914 1909 3970 est.
1926 3914 2046 3970 auia
2065 3913 2304 3967 nimirum
2330 3915 2557 3964 intimum
