2988 4832
1284 489 1417 566 303

352 612 689 686 afficiendo
715 612 917 687 honos
941 666 962 696 ‚
996 623 1063 688 et
1094 619 1419 714 condigna
1439 623 1632 716 poena
1652 622 1858 694 malos
1879 613 1903 695 ι’
1928 621 2102 714 affini
2129 612 2377 694 sublati

353 724 642 800 libertate
682 729 902 798 nullus
939 733 1033 798 est
1065 728 1277 801 bonus
1299 781 1319 812 ,
1349 730 1572 802 nullus
1608 733 1818 802 malus
1840 781 1864 813 ‚
1920 732 2102 801 nulla
2125 732 2323 799 virtus
2349 773 2371 807 .

352 835 615 908 nullum
647 838 870 907 vitium
899 843 1024 908 etc.
1050 837 1335 932 aQoque
1346 840 1566 909 nullus
1578 841 1758 910 locus
1773 841 2027 933 justitia}
2072 837 2377 907 manifes-
2457 930 2461 935 ‘

352 934 729 1030 tandm..i'.;
774 967 1041 1039 erga...
1060 945 1295 1038 Neque
1320 946 1486 1016 dicat
1516 947 1773 1039 Baylius
1801 975 1818 1029 3
1848 967 2003 1038 ergo
2027 944 2199 1014 Deus
2223 966 2376 1036 pec·-

354 1056 574 1123 catum
621 1054 809 1133 vult,
852 1060 927 1124 ut
976 1056 1334 1127 manifestet
1369 1077 1552 1124 suam
1597 1057 1931 1147 justitiam.
1989 1053 2157 1122 Nam
2204 1057 2376 1121 'certe

348 1163 588 1257 justitia
630 1185 813 1254 aeque
851 1163 1204 1236 ostenditur
1244 1164 1317 1233 in
1366 1164 1760 1254 praemiando
1787 1163 1991 1233 bonos
2019 1214 2035 1241 ,
2069 1182 2264 1253 quam
2307 1160 2378 1226 in

352 1270 679 1361 puniendo
701 1271 926 1341 malos·
952 1271 1126 1343 Deus
1142 1274 1351 1363 itaque
1378 1275 1686 1340 voluntate
1708 1274 2082 1340 antecedenti
2101 1278 2379 1364 etquan-

353 1383 496 1448 tum
536 1402 616 1448 ex
640 1402 707 1449 se
729 1381 867 1451 vult
893 1381 1202 1471 justitiam
1230 1387 1292 1453 et
1315 1380 1669 1450 bonitatem
1716 1378 1912 1448 simul
1975 1380 2379 1448 manifestare

352 1507 472 1578 per
513 1486 800 1580 primum
837 1488 1149 1566 medium,
1186 1489 1232 1558 i.
1279 1510 1338 1558 e.
1364 1509 1480 1578 per
1520 1487 1864 1578 praemium
1884 1485 2249 1567 bonorum3
2278 1511 2378 1554 vo-

356 1591 587 1661 luntate
604 1616 758 1662 vero
798 1595 1168 1683 consequenti
1204 1594 1674 1683 &hypothetica
1700 1643 1717 1673 ,
1767 1592 1818 1659 si
1844 1592 1987 1684 quis
2018 1591 2176 1659 nolit
2208 1590 2378 1662 bene

355 1699 450 1766 uti
486 1699 792 1779 libertate,
840 1702 1032 1769 ctiam
1094 1722 1211 1791 per
1248 1697 1608 1769 secundum
1669 1699 1955 1768 medium
1983 1752 1998 1776 ,
2048 1700 2089 1765 i.
2151 1720 2210 1767 c.
2260 1723 2376 1794 por

354 1827 614 1897 poenam
643 1807 992 1880 malorum.

443 1967 604 2035 Inst.
631 1964 703 2035 2⁶
729 1963 903 2035 Deus
929 1963 1105 2037 salvii
1122 1968 1408 2039 libertate
1423 1967 1988 2062 potuissethomini
2028 1964 2378 2036 concedere

352 2075 583 2165 gratias
604 2073 886 2143 efficaces
910 2126 925 2153 ,
959 2098 1238 2170 quarum
1262 2078 1492 2146 auxilio
1517 2098 1709 2144 nemo
1741 2098 2034 2167 unquam
2080 2074 2378 2145 libertate

353 2183 570 2255 fuisset
614 2183 850 2258 abusus
902 2213 919 2257 z
964 2208 1117 2279 ergo
1161 2187 1230 2257 vi
1287 2184 1584 2255 honitatis
1641 2204 1748 2255 eas
1785 2184 1978 2257 etiam
2029 2183 2378 2254 concedere

353 2292 703 2368 debuisset:

444 2440 528 2512 R.
569 2443 643 2515 C.
671 2444 830 2514 Ant.'
860 2443 950 2513 N.
1003 2443 1184 2512 Cone.
1216 2439 1312 2512 Ex
1339 2463 1416 2510 eo
1439 2441 1670 2520 onim3·
1710 2440 1883 2533 quod
1923 2439 2097 2513 Deus
2129 2444 2324 2532 poscit
2352 2495 2372 2523 ,

351 2566 488 2617 non
519 2551 805 2639 sequitur
819 2601 837 2627 ,
897 2550 1072 2641 quod
1098 2551 1302 2619 debeat
1330 2550 1571 2641 aliquid
1587 2550 1808 2621 ,facere
1833 2601 1850 2630 ,
1878 2554 1951 2619 ut
1981 2549 2219 2642 pluries
2233 2551 2375 2640 jam

353 2655 646 2727 diximus.
681 2656 969 2729 Profecto
995 2658 1055 2727 si
1080 2656 1256 2727 Dens
1277 2663 1601 2728 teneretur
1623 2657 1927 2728 omnibus
1961 2656 2113 2727 dare
2143 2658 2378 2748 gratias

351 2764 636 2833 efficaces
659 2814 679 2848 ‚
714 2764 1097 2857 dependeret
1127 2788 1167 2834 a
1187 2765 1431 2835 malitia
1458 2766 1806 2835 hominum
1831 2766 1940 2846 ita,
1967 2771 2141 2835 uteo
2165 2765 2377 2837 abun·-

352 2871 641 2941 dantiora
690 2872 861 2941 dona
904 2872 1163 2943 deberet
1201 2872 1422 2961 largiri
1451 2901 1467 2953 ;
1507 2894 1637 2961 quo
1680 2872 2100 2963 perversiores
2129 2873 2263 2941 sore
2311 2878 2377 2944 et

352 3000 484 3068 quo
510 2981 716 3070 magis
744 2979 1054 3048 abusuros
1077 2978 1385 3046 beneficio
1407 2978 1710 3045 libertatis
1745 2977 2116 3067 praevideret
2147 3004 2163 3047 ι
2201 2980 2378 3068 atqui

351 3085 479 3154 hoc
498 3091 593 3155 est
618 3086 993 3154 absurdum.
1057 3082 1236 3152 Idem
1264 3086 1441 3152 enim
1482 3091 1574 3152 est
1601 3137 1617 3163 ,
1655 3106 1728 3152 ac
1757 3084 1962 3153 dicere
1990 3138 2005 3164 ,
2043 3086 2373 3176 praevisam

351 3193 877 3284 ingratitudinem
904 3193 1151 3284 exigere
1178 3242 1197 3271 ,
1235 3196 1310 3259 ut
1337 3190 1509 3260 Deus
1538 3213 1614 3260 eo
1650 3193 1852 3283 magis
1874 3192 2226 3261 benefaciat
2270 3194 2374 3261 in·-

352 3302 547 3393 gratis
571 3351 591 3382 ‚
644 3300 728 3372 ob
763 3300 833 3371 id
871 3298 1085 3394 ipsum
1110 3353 1126 3381 ,
1168 3298 1344 3395 quod
1389 3301 1545 3371 sciat
1575 3301 1822 3371 futuros
1854 3319 1990 3370 esse
2042 3298 2321 3395 ingratos
2349 3352 2366 3382 .

352 3423 631 3505 ergo...2

445 3571 605 3640 Inst.
630 3568 700 3641 3⁰
726 3567 901 3643 Deus
926 3589 1063 3639 non
1090 3567 1174 3639 ob
1197 3570 1720 3662 ingratitudinem
1763 3536 2067 3641 creaturae
2086 3619 2108 3651 ,
2166 3567 2278 3641 sed
2307 3569 2374 3641 vi

355 3674 648 3749 honitatis
696 3700 827 3749 suae
866 3678 1131 3749 infinitae
1174 3684 1426 3749 tenetur
1475 3679 1628 3751 dare
1658 3679 1888 3769 gratias
1918 3678 2226 3748 efficaces.
2288 3673 2377 3749 Vi

362 3788 650 3861 bonitatis
681 3787 866 3858 enim
887 3786 1073 3857 dehet
1098 3788 1256 3859 serio
1295 3788 1459 3857 velle
1493 3786 1950 3859 beatitudinem
1980 3785 2365 3857 hominum:

349 3895 532 3992 atqui
556 3896 679 3974 nisi
707 3896 812 3969 det
842 3897 1070 3995 gratias
1098 3946 1116 3981 ,
1154 3896 1383 3999 quibus
1409 3897 1712 3995 praevidet
1747 3897 2042 3974 homines
2069 3917 2202 3969 esse
2233 3916 2370 3973 res·
