2988 4832
1597 467 1730 537 320

653 590 1078 663 audientibus,
1109 589 1277 661 Dein
1314 588 1528 682 ipsum
1549 589 1792 656 verbum
1819 605 1934 657 seu
1959 609 2106 668 voa,
2139 588 2281 656 utut
2308 607 2501 655 sonus
2524 593 2669 656 tan·

652 705 794 769 tum
821 707 885 770 et
918 697 1259 770 materialis
1300 696 1683 766 modificatio
1715 696 1907 777 aeriS,
1950 700 2157 764 totum
2192 699 2409 764 tamen
2441 693 2512 763 in
2541 700 2669 764 toto

650 808 864 899 aliquo
887 807 1133 876 ambitu
1177 809 1272 874 est
1298 809 1363 873 et
1385 807 1591 873 totum
1624 802 1696 871 in
1721 802 1988 900 sin-gulis
2009 800 2203 899 hujus
2220 799 2498 872 ambitus
2517 824 2670 893 par-

650 916 843 985 tibus.

733 1064 953 1157 Itaque
977 1067 1048 1133 in
1076 1066 1294 1137 anima
1318 1064 1611 1166 humana
1636 1068 1702 1133 et
1730 1063 1964 1136 clarius
1989 1063 2183 1133 etiam
2211 1063 2284 1132 in
2311 1062 2510 1132 verbo
2538 1062 2673 1131 hu-

657 1280 833 1371 quod
859 1283 1104 1348 modum
1140 1279 1445 1354 existendi
1474 1279 1671 1347 relate
1699 1277 1781 1346 ad
1817 1278 2091 1369 spatium
2118 1301 2252 1345 eum
2288 1277 2517 1346 habeat
2548 1280 2678 1345 sibi

650 1389 1042 1467 essentialem,
1072 1394 1146 1455 ut
1175 1389 1253 1456 sit
1280 1393 1489 1457 totum
1511 1388 1581 1454 in
1612 1392 1742 1454 toto
1775 1390 1839 1454 et
1868 1385 2063 1453 simul
2082 1391 2288 1454 totum
2309 1386 2382 1453 in
2405 1387 2679 1477 singulis

652 1495 829 1564 istius
855 1495 1045 1563 totius
1075 1495 1381 1585 partibus,
1415 1492 1575 1563 Dico
1604 1518 1624 1564 t
1652 1496 1809 1583 quod
1829 1494 2044 1561 habeat
2070 1494 2232 1559 lianc
2247 1494 2489 1561 modum
2508 1497 2681 1561 exis-

651 1604 822 1670 tendi
845 1603 968 1668 sibi
996 1604 1383 1682 essentialem,
1418 1602 1570 1692 quia
1597 1623 1813 1691 reapse
1839 1600 2070 1668 modus
2097 1600 2399 1668 existendi
2419 1600 2576 1669 ideae
2605 1606 2680 1669 et

650 1708 823 1779 vocis
859 1708 1165 1791 humanae
1206 1709 1367 1777 alius
1406 1710 1653 1802 concipi
1694 1707 1936 1799 nequit,
1977 1726 2175 1798 quam
2213 1713 2285 1775 ut
2318 1708 2397 1776 sit
2432 1711 2560 1776 tota
2597 1708 2678 1778 in

652 1821 783 1886 toto
819 1822 883 1885 et
916 1820 1045 1884 tota
1084 1816 1156 1885 in
1197 1816 1465 1908 singulis
1494 1816 1778 1907 partibus
1816 1815 1992 1884 istius
2028 1815 2238 1884 totius,
2278 1802 2678 1905 Intelligetur

652 1924 861 2016 itaque
907 1925 1101 1994 etiam
1142 1926 1387 2005 modus,
1422 1946 1538 2014 qao
1569 1922 1744 1995 Deus
1778 1922 1857 1992 sit
1895 1925 2295 1992 essentialiter
2319 1925 2669 2004 immensus,

652 2029 849 2100 simul
892 2053 969 2101 ac
1015 2032 1496 2111 ostenderimus,
1560 2044 1850 2099 naturam
1894 2028 2017 2100 Dei
2046 2031 2142 2099 ita
2192 2032 2512 2099 intrinsece
2553 2052 2681 2099 esse

652 2133 1063 2218 constitutam,
1100 2144 1174 2207 ut
1212 2160 1346 2208 non
1372 2140 1567 2231 possit
1595 2139 1842 2230 concipi
1867 2139 2030 2208 alius
2050 2139 2119 2206 in
2150 2160 2226 2208 eo
2256 2139 2486 2209 modus
2516 2139 2677 2211 exis-

655 2246 824 2315 tendi
850 2247 1047 2316 relate
1075 2247 1156 2316 ad
1183 2247 1458 2340 spatium
1474 2299 1491 2328 ,
1539 2271 1737 2340 quam
1773 2247 2002 2316 modus
2017 2299 2032 2324 ‚
2083 2269 2212 2337 quo
2249 2244 2390 2315 idea
2411 2247 2518 2316 vel
2548 2269 2676 2318 vox

652 2354 938 2426 humana
978 2356 1213 2436 existit,
1265 2356 1312 2426 i.
1350 2377 1410 2426 e.
1452 2360 1525 2425 ut
1568 2354 1740 2426 Deus
1775 2356 1862 2425 ita
1903 2354 2310 2424 essentialiter
2341 2349 2676 2446 concipia—

649 2469 755 2533 tur
782 2470 950 2533 totus
975 2464 1047 2532 in
1081 2469 1212 2532 toto
1245 2449 1455 2555 'spatio
1482 2470 1547 2533 et
1574 2465 1766 2534 simul
1790 2458 1965 2534 totus
1995 2465 2066 2532 in
2090 2462 2356 2555 singulis
2385 2465 2676 2555 partibus

578 2608 583 2613 ·
649 2569 824 2640 istius
862 2572 1047 2661 spatii
1095 2571 1357 2640 actualis
1391 2595 1504 2640 seu
1542 2573 1611 2651 in
1645 2574 1909 2663 singulis
1936 2572 2091 2642 locis
2115 2574 2373 2641 existere
2392 2624 2409 2651 ,
2460 2579 2536 2640 ut
2551 2627 2572 2653 ,
2619 2571 2676 2644 si

635 2676 774 2744 alio
802 2676 996 2745 modo
1030 2679 1470 2769 conciperetur
1487 2682 1760 2749 ,existere
1794 2681 1988 2749 relate
2021 2680 2102 2749 ad
2130 2680 2402 2772 spatium
2420 2731 2438 2759 ,
2484 2681 2674 2753 tolle-
2716 2767 2721 2772 .

648 2775 827 2883 retur
853 2785 989 2879 ipsa
1014 2786 1155 2856 idea
1179 2784 1324 2857 Dei.
1348 2825 1442 2839 -—-
1463 2787 1648 2869 Quod
1674 2794 1748 2858 ut
1776 2789 2007 2858 clarius
2041 2788 2388 2867 illucescat,
2425 2786 2670 2857 adver-

650 2897 905 2964 tamus:

733 3057 799 3140 a)
844 3058 1243 3133 creationem
1274 3083 1540 3133 omnem
1568 3063 1708 3133 fieri
1739 3065 1871 3133 sola
1896 3063 2182 3132 volitione
2207 3062 2330 3134 Dei
2355 3067 2670 3158 tanquam

646 3167 890 3235 ratione
908 3171 1245 3260 sufficienti
1257 3175 1555 3261 proxima
1583 3174 1918 3241 existentiae
1943 3176 2232 3255 omnium,
2269 3171 2673 3267 quaecunque

648 3272 912 3342 existere
937 3284 1223 3367 possunt.
1246 3277 1355 3349 Uti
1377 3281 1556 3348 enim
1575 3280 1743 3349 infra
1762 3281 2140 3362 videbimus,
2176 3284 2256 3351 ad
2283 3286 2670 3353 creationem

653 3381 1002 3472 requiritur
1029 3378 1307 3476 potentia
1332 3388 1603 3469 infinita,
1641 3412 1786 3480 quae
1813 3390 1955 3471 alia,
1990 3411 2187 3481 quam
2214 3396 2409 3459 nutus
2437 3391 2671 3460 divinae

654 3487 997 3559 voluntatis
1024 3513 1157 3562 esse
1186 3496 1406 3587 nequit
1431 3525 1447 3577 ;
1480 3502 1556 3564 ut
1579 3496 1736 3565 adeo
1765 3498 1848 3567 ad
1880 3501 2262 3567 creationem
2288 3499 2470 3569 nulla
2498 3521 2671 3570 crea-

649 3600 797 3665 tura
828 3606 1165 3669 concurrat
1180 3652 1200 3682 ,
1249 3603 1358 3671 sed
1403 3604 1536 3685 sola
1572 3604 1784 3673 volitio
1825 3604 1944 3676 Dei
1980 3606 2340 3680 immediate
2371 3607 2672 3678 effectum

649 3698 958 3794 producat
986 3729 1098 3777 seu
1127 3732 1280 3803 rem¹
1297 3710 1666 3782 existentem
1697 3714 1951 3787 efficiat.

735 3856 797 3953 b)
843 3859 1161 3965 Rationem
1188 3865 1579 3963 sufficientem
1593 3869 1950 3959 proximam
1975 3869 2221 3950 debere,
2267 3876 2337 3938 ut
2367 3864 2662 3940 effectum
