2988 4832
416 627 470 718 ο)
505 629 631 704 Vel
658 630 836 704 Deus
868 651 981 704 seu
1015 635 1285 705 essentia
1322 629 1611 703 absoluta
1645 651 1759 725 per
1794 630 2169 703 successivas
2195 649 2347 702 evo-

325 740 604 810 lutiones
646 741 830 809 fieret
871 744 1205 835 perfectior
1238 743 1343 811 vel
1377 764 1539 810 non.
1583 740 1653 810 Si
1682 763 1818 809 non
1851 740 1924 809 fit
1952 739 2285 832 perfectior
2323 767 2340 809 1

324 847 504 915 nulla
558 852 654 916 est
686 849 847 916 ratio
866 899 888 928 ,
931 871 1050 917 cur
1082 869 1149 917 se
1191 848 1465 917 evolvat.
1521 845 1670 915 Sola
1703 847 1882 916 enim
1922 848 2083 919 ratio
2113 848 2347 917 evolu-

322 954 507 1023 tionis
544 953 682 1022 dari
705 954 847 1023 haec
870 958 1073 1045 potest
1093 1004 1114 1032 .
1148 954 1323 1046 quod
1351 951 1693 1023 infinitudo
1722 953 2007 1023 essentiae
2034 954 2346 1047 multipli-

321 1060 576 1129 citatem
603 1061 989 1152 positionum
1028 1059 1380 1131 necessario
1410 1061 1716 1151 requirat.
1775 1059 1846 1130 Si
1885 1082 2040 1131 vero
2086 1062 2160 1131 fit
2193 1086 2346 1154 per-

323 1167 582 1248 fectior-3
615 1188 770 1258 ergo
799 1190 954 1238 cum
979 1168 1373 1238 evolutiones
1397 1187 1653 1259 semper
1687 1188 1872 1237 novae
1903 1167 2062 1238 fiant
2081 1221 2100 1247 ‚
2172 1191 2345 1240 sem·-

327 1279 445 1365 per
474 1276 668 1344 etiam
686 1273 861 1342 Deus
888 1275 1069 1343 fieret
1094 1275 1464 1367 perfectior3
1488 1296 1644 1366 ergo
1664 1297 2004 1365 nunquam
2025 1283 2188 1345 esset
2216 1274 2336 1346 ab‘-

319 1382 516 1450 solute
544 1380 860 1474 perfectus
889 1410 906 1463 ;
964 1404 1118 1472 ergo
1141 1403 1480 1471 nunquam
1505 1403 1655 1451 vere
1678 1380 1871 1461 DeuS,
1923 1382 2036 1451 sed
2064 1383 2239 1453 Deus
2262 1387 2335 1452 in

320 1492 459 1577 fieri
480 1488 606 1580 (1)-‚
639 1495 715 1558 ut
751 1490 876 1560 dici
904 1490 1105 1569 solet,
1139 1488 1313 1580 quod
1342 1493 1434 1557 est
1456 1487 1850 1568 absurdum
1885 1510 2185 1579 ergo.....

398 1612 640 1683 Omnes
651 1617 1052 1707 probationes
1089 1620 1315 1685 contra
1338 1615 1818 1707 pantheismum
1833 1613 2039 1684 allatae
2058 1616 2140 1685 ad
2168 1616 2342 1688 hanc

318 1721 446 1790 iere
476 1722 699 1791 reduci
740 1729 1028 1815 possunt.
1082 1724 1235 1791 Esse
1278 1721 1644 1791 absolutum
1696 1722 2051 1789 necessario
2091 1724 2340 1816 concipi

321 1827 501 1898 debet
524 1834 599 1897 ut
621 1849 754 1898 esse
779 1831 1106 1899 infinitum
1141 1835 1207 1900 et
1232 1829 1632 1899 immutabile
1659 1857 1677 1911 ς
1732 1852 1851 1896 esse
1894 1851 2052 1899 vero
2097 1854 2330 1903 rerum

320 1933 507 2024 hujus
523 1936 754 2005 mundi
773 1937 1174 2028 utgobjective
1197 1938 1368 2035 reale
1391 1989 1408 2017 ,
1443 1936 1556 2005 sed
1575 1935 1927 2006 necessario
1948 1942 2021 2004 ut
2044 1961 2162 2005 esse
2177 1939 2330 2008 fini-

322 2048 455 2112 tum
478 2050 545 2113 et
563 2043 867 2112 mutabile
896 2072 914 2127 3
941 2067 1096 2137 ergo
1122 2068 1239 2113 esse
1258 2043 1625 2113 absolutum
1645 2048 1709 2111 et
1733 2067 1852 2110 esse
1871 2066 2096 2113 rerum
2129 2044 2329 2135 hujus
2437 2080 2442 2085 2

318 2148 546 2220 mundi
570 2153 918 2220 necessario
948 2152 1198 2243 concipi
1217 2150 1453 2219 debent
1478 2156 1553 2218 ut
1574 2150 1983 2218 essentialiter
2006 2149 2322 2219 distincta.

318 2255 527 2349 Atque
555 2281 634 2328 ex
659 2259 784 2328 hoc
810 2263 1191 2350 argumento
1226 2257 1394 2326 bene
1431 2255 1685 2326 evoluto
1721 2256 2094 2346 pantheistae
2128 2257 2331 2325 extri-

320 2386 457 2435 care
487 2387 553 2435 se
578 2384 914 2457 nunquam
933 2366 1319 2457 potuerunt,
1361 2383 1699 2453 nunquam
1728 2367 2070 2454 poterunt,
2105 2368 2169 2431 et
2222 2366 2334 2456 qui

316 2479 673 2555 tentarunt,
704 2474 777 2543 in
801 2472 1197 2542 absurdiores
1227 2472 1533 2541 continuo
1580 2470 2106 2544 contradictiones
2150 2472 2333 2542 inci-

314 2581 565 2652 derunt.
603 2579 816 2650 Restat
839 2629 860 2660 ,
895 2583 970 2647 ut
989 2579 1231 2668 aliquas
1252 2600 1491 2658 eorum¹
1505 2578 1812 2670 speciosas
1843 2578 2046 2669 magis
2068 2629 2087 2659 ,
2131 2601 2331 2672 quam

314 2688 538 2758 solidas
572 2687 969 2757 difficultates
990 2685 1313 2756 solvamus
1343 2684 1453 2775 (Ξ).
1696 2687 1703 2704 “

309 2907 611 2975 philosophie
629 2908 693 2960 de
709 2909 780 2961 M.
803 2908 1013 2960 Consiua
1034 2911 1085 2960 et
1098 2909 1163 2962 D.
1185 2907 1388 2961 Cousin.
1411 2908 1706 2974 Fraqments
1722 2909 1912 2974 philos.
1945 2911 2152 2976 Pre‘face
2178 2910 2241 2961 de
2274 2910 2325 2962 Ia

315 2982 366 3027 2·
391 2981 515 3030 edit.
542 2982 669 3029 alter
690 2981 745 3046 in
763 2982 976 3030 alterum
996 2980 1292 3042 pantheismi
1313 2983 1484 3030 notam
1513 2980 1734 3046 projicit,
1757 2982 1970 3032 eandem
1990 2983 2197 3046 quisque
2221 2997 2252 3031 a
2271 2997 2325 3032 se

315 3048 411 3113 ipse
441 3052 673 3101 omnibus
691 3051 878 3101 viribus
899 3054 1141 3102 removet.

372 3128 441 3194 (1)
472 3129 663 3179 Revera
684 3133 785 3178 tota
807 3131 1029 3180 doctrina
1047 3130 1222 3193 Hegeli
1243 3131 1306 3182 ad
1327 3130 1741 3192 simplicissimam
1763 3131 2126 3194 expressionem
2145 3130 2321 3181 reduc-

315 3202 364 3247 ta
380 3200 430 3248 id
450 3200 614 3262 ipsum
631 3201 874 3251 enuntiat.
909 3202 1043 3251 Deus
1071 3201 1217 3252 estin
1235 3201 1351 3266 fieri
1366 3236 1382 3263 ,
1407 3201 1605 3264 Gotessist
1639 3203 1710 3251 im
1751 3203 1983 3257 Werden.
2015 3201 2324 3254 Vide-etiam

318 3269 387 3319 Cl.
409 3271 567 3320 Μαι-01
588 3285 603 3321 1
627 3272 775 3321 Essai
794 3286 885 3320 sur
904 3273 950 3322 le
963 3272 1274 3337 pantloe‘isme
1297 3272 1426 3321 dans
1450 3272 1521 3321 les
1540 3274 1739 3322 societas
1758 3274 2031 3327 madentes·

292 3399 305 3404 ἱ
374 3349 442 3414 (2)
474 3350 872 3412 Spinosissimum
909 3351 962 3399 in
982 3351 1142 3413 specie
1161 3352 1357 3414 egregie
1393 3353 1672 3401 refutarunt
1700 3352 1903 3414 Bergier
1933 3367 1949 3403 1
1993 3354 2163 3403 Trai&
2187 3354 2250 3403 de
2270 3355 2321 3407 la

315 3422 449 3470 vraie
469 3421 703 3485 religion,
723 3425 852 3481 part.
872 3420 913 3470 1.
934 3423 1076 3484 chap.
1102 3425 1151 3473 5.
1175 3425 1268 3471 art.
1291 3425 1416 3473 5.-
1432 3422 1648 3471 Fenelon
1667 3437 1682 3471 1
1705 3423 1776 3472 De
1796 3424 2069 3473 l'eaeistence
2082 3425 2144 3473 de
2160 3424 2283 3475 Dicte
2301 3462 2319 3488 ,

244 3531 247 3538 ,
316 3496 436 3553 part.
458 3492 520 3541 11.
545 3493 686 3553 chap.
711 3494 759 3550 3,
781 3494 831 3539 et
853 3503 868 3541 1
893 3492 1094 3541 Extrait
1116 3492 1263 3541 d’une
1282 3493 1440 3542 Lettre
1458 3507 1549 3541 sm·
1572 3494 1623 3544 Ia
1642 3495 1913 3556 re'fiatation
1940 3494 2005 3543 de
2028 3494 2317 3558 Spinosa.-

316 3561 524 3612 Demum
542 3562 644 3626 ipse
668 3561 820 3614 etiam
838 3561 989 3626 Bayle
1009 3563 1064 3617 in
1083 3576 1173 3615 suo
1197 3575 1342 3629 opere
1367 3575 1382 3614 1
1407 3563 1617 3618 Dic-tion.
1636 3562 1802 3631 critiq.
1823 3567 1916 3614 art.
1941 3562 2168 3630 spinosa.
2270 3584 2291 3601 ·
