2988 4832
669 595 844 691 Nam
869 617 953 671 ex
978 599 1170 673 modo
1220 599 1400 671 dictis
1427 591 1533 690 (n0
1567 592 1763 678 27-2‘
1776 582 1906 689 ιῐ.)
1932 583 2101 671 &ires
2148 589 2407 671 namra}
2428 595 2576 669 suna

587 718 870 793 dantur
845 740 920 788 ιιι
942 716 1177 797 intima
1206 715 1517 791 relatione
1541 716 1828 787 essentiae
1869 734 2095 787 rerum
2121 713 2218 789 ad
2245 715 2486 795 finem,
2523 717 2590 789 d

587 828 746 907 adeo
772 825 1031 900 effectus
1061 826 1329 896 istarum
1364 824 1628 901 virium
1642 825 1772 900 sint
1802 822 1995 897 rebus
2024 822 2491 894 connaturales.
2528 820 2601 892 Si

586 936 797 1027 itaque
831 933 1091 1006 effectus
1113 932 1339 1023 aliquis
1374 951 1515 1005 non
1548 930 1630 1002 sit
1656 930 1851 1001 rebus
1878 928 2102 1001 creatis
2128 928 2593 1005 connaturalis,

587 1043 686 1125 uti
724 1064 794 1114 v.
835 1065 906 1133 g.
954 1042 1091 1110 luto
1128 1038 1549 1114 connaturale
1592 1059 1731 1107 non
1758 1043 1890 1116 est,
1942 1058 2117 1107 coeco
2146 1037 2360 1107 visum
2406 1037 2603 1105 resti-

587 1154 764 1221 tuere
780 1196 799 1228 ‚
830 1166 953 1223 nec
973 1147 1125 1218 voci
1159 1145 1467 1218 humanas
1506 1143 1740 1216 febrim
1762 1143 2080 1236 depellere
2109 1143 2215 1214 vel
2236 1143 2394 1213 adeo
2416 1164 2602 1213 mor-

586 1263 772 1325 tuum
794 1256 1130 1334 suscitare,
1174 1264 1431 1323 necesse
1457 1252 1579 1324 erit
1597 1304 1620 1333 ,
1662 1259 1737 1322 ut
1767 1253 2023 1322 effectus
2050 1253 2164 1322 iste
2195 1273 2453 1320 cansam
2479 1251 2601 1319 ha-

587 1364 735 1433 beat
759 1368 1044 1456 praeter-
1059 1384 1306 1455 super·
1267 1359 1429 1437 -vel
1448 1360 1652 1434 etiam
1680 1366 1905 1467 contra
1923 1401 1971 1414 -
1986 1359 2369 1440 naturalem,
2399 1358 2601 1431 adeo-

482 1454 491 1469 Ι
589 1494 716 1587 que
742 1469 817 1541 ut
846 1469 925 1543 sit
955 1456 1387 1580 miraculum,

620 1622 821 1697 Jam
863 1643 1017 1693 vero
1060 1619 1360 1694 effectus
1372 1572 1725 1695 istiusmodi
1774 1626 1868 1692 vel
1913 1630 2007 1694 est
2052 1625 2236 1706 talis,
2296 1632 2370 1694 ut
2428 1631 2602 1696 certo

589 1686 1046 1822 cognoscatur,
1095 1731 1261 1799 nulli
1289 1733 1556 1800 omnino
1581 1732 1680 1800 rei
1706 1737 1929 1800 creatae
1957 1752 2091 1800 esse
2121 1731 2592 1808 connaturalis,

587 1840 680 1905 vel
703 1842 798 1907 est
826 1837 999 1915 talis,
1027 1841 1102 1905 ut
1120 1838 1379 1928 quidem
1408 1839 1506 1907 rei
1532 1839 1803 1931 cognitae
1821 1890 1837 1917 ,
1876 1860 1943 1908 v·
1978 1861 2046 1930 g.
2086 1839 2161 1907 in
2188 1839 2334 1907 dato
2364 1860 2600 1908 exem-

588 1945 742 2035 plo,
789 1943 925 2014 luto
951 1944 1059 2014 vel
1092 1946 1236 2016 voci
1258 1947 1565 2017 humanae
1582 1997 1601 2028 ,
1641 1945 2069 2015 connaturalis
2097 1962 2232 2014 non
2282 1948 2359 2014 sit
2389 1999 2405 2026 ,
2460 1955 2599 2016 non

589 2057 805 2122 autem
829 2059 1245 2144 cognoscatur
1280 2053 1555 2136 directe,
1602 2074 1689 2123 an
1722 2054 1902 2124 alteri
1944 2052 2041 2124 rei
2071 2057 2295 2124 creatae
2344 2073 2593 2122 conna-

601 2157 820 2228 turalis
847 2179 981 2230 esse
1009 2181 1145 2230 non
1171 2161 1394 2254 possit.

677 2297 754 2368 Ῑιι
775 2301 982 2389 primo
1002 2321 1156 2370 casu
1181 2297 1415 2370 directe
1444 2307 1509 2370 et
1532 2299 1895 2370 immediate
1925 2301 2108 2369 hoc
2078 2321 2222 2392 ipso
2245 2234 2385 2370 talis
2407 2297 2601 2369 effec-

589 2410 691 2478 tus
718 2409 1118 2501 cognoscitur
1147 2413 1386 2479 extra-
1400 2410 1706 2479 naturalis
1734 2404 2028 2500 adeoque
2056 2409 2471 2479 miraculum.

674 2544 753 2617 In
784 2548 1112 2637 posteriori
1167 2567 1317 2616 casu
1358 2552 1574 2616 autem
1613 2547 1682 2615 id
1716 2543 1928 2639 ipsum
1971 2546 2271 2617 indirecte
2318 2568 2608 2641 cognos-

588 2654 775 2724 citur.
805 2652 1062 2722 Etenim
1113 2654 1369 2723 effectus
1389 2704 1408 2733 ,
1461 2653 1557 2722 rei
1609 2656 1881 2745 cognitae
1935 2676 2071 2725 non
2121 2655 2556 2725 connaturalis
2579 2708 2599 2735 ,

589 2758 768 2829 alteri
789 2760 884 2829 rei
910 2764 1136 2829 creatae
1163 2760 1507 2853 incognitae
1540 2762 1971 2831 connaturalis
1999 2784 2130 2831 esse
2162 2762 2423 2852 nequit,
2476 2762 2603 2833 nisi

588 2868 658 2937 in
694 2865 964 2936 essentia
1004 2868 1176 2936 illius
1206 2869 1300 2937 rei
1349 2868 1634 2959 adeoque
1675 2865 1748 2937 in
1786 2867 2185 2961 dispositione
2221 2868 2453 2939 divina)
2494 2892 2602 2940 sa-

588 2975 835 3066 pientiae
857 3024 880 3057 ‚
914 2996 1071 3069 *rem
1112 2975 1293 3044 illam
1322 2975 1405 3044 ad
1434 2976 1630 3046 talem
1655 2976 1858 3045 finem
1900 2976 2334 3047 constituentis
2358 3026 2378 3058 ,
2431 2978 2597 3047 fun-

591 3081 804 3151 detur.

673 3208 818 3281 Jam
866 3230 1020 3284 vero
1086 3210 1304 3283 divma
1370 3209 1675 3303 sapientia
1732 3212 1954 3304 nequit
2020 3212 2400 3283 constituere
2454 3232 2601 3283 rem

587 3315 1038 3410 quamcunque
1085 3319 1168 3388 ad
1221 3319 1560 3402 effectum,
1613 3341 1692 3389 ex
1738 3342 1868 3411 quo
1909 3321 2108 3389 homo
2150 3323 2401 3404 nullam
2421 3297 2627 3422 μὲι-ξ

587 3425 923 3496 sectionem
957 3419 1240 3496 divinam
1271 3447 1653 3519 cognoscere
1689 3428 1904 3517 possit.
1940 3425 2113 3496 Deus
2148 3430 2325 3498 enim
2356 3449 2434 3499 ex
2466 3430 2630 3522 ipsa

534 3519 543 3528 ἵ
586 3531 728 3602 idea
767 3534 1099 3604 creationis
1151 3534 1350 3603 cuivis
1383 3554 1499 3603 suo
1545 3535 1721 3626 operi
1754 3532 2038 3626 adeoque
2067 3541 2132 3603 et
2160 3537 2365 3626 operis
2406 3527 2665 3609 effec-

591 3638 755 3707 tibus
792 3641 1172 3731 praestituere
1213 3642 1397 3711 debet
1429 3641 2006 3712 manifestafionem
2055 3663 2319 3711 suarum
2360 3645 2602 3735 persec-

592 3747 838 3814 tionum
854 3799 871 3825 ‚
907 3755 968 3817 et
999 3755 1474 3840 consequenter·
1496 3769 1610 3817 ens
1636 3748 1940 3819 rationale
1968 3748 2055 3818 ita
2080 3751 2456 3822 constituere
2476 3804 2493 3831 ‚
2529 3757 2599 3819 ut

590 3842 694 3925 eas
715 3857 1120 3946 perfectiones
1148 3860 1216 3925 in
1241 3859 1365 3928 suis
1389 3856 1681 3955 operibus
1711 3876 2090 3956 cognoscere
2122 3855 2313 3951 possit
2343 3858 2433 3953 (ιιο
2464 3860 2593 3951 14).
