2988 4832
614 570 775 639 tuali
801 574 1101 639 creatura
1117 564 1300 639 nulia
1323 571 1528 662 potest
1549 569 1666 637 toti
1695 552 2055 644 coexistere.
2107 561 2426 641 Creaturae
2444 572 2620 641 enim

608 683 702 746 est
735 728 759 758 ‚
793 675 1048 748 initium
1078 684 1142 747 et
1171 673 1598 748 successiones
1636 676 1917 761 habere;
1967 677 2081 749 sed
2140 678 2361 748 nullus
2406 679 2622 747 tantus

608 795 916 853 numerus
969 785 1445 853 successionum
1477 783 1791 874 possibilis
1809 835 1828 863 ‚
1886 805 2015 875 quo
2059 785 2266 875 major
2311 783 2621 875 possibilis

606 908 744 960 non
771 889 888 973 sit3
942 912 1152 983 neque
1175 891 1438 961 initium
1494 894 1801 962 creaturae
1842 892 2056 962 ullum
2075 943 2094 972 ‚
2131 912 2263 981 quo
2287 892 2466 981 prius
2511 909 2622 959 co-

606 999 791 1089 gitari
824 1006 1136 1091 nequeam
1168 1021 1324 1094 ergo
1352 999 1528 1070 Deus
1554 1004 1783 1070 virtute
1807 1023 1922 1071 seu
1955 1001 2024 1071 vi
2057 1000 2441 1069 necessitatis
2465 1001 2625 1069 exis«

606 1108 782 1178 tendi
798 1108 1088 1200 pluribus
1104 1130 1356 1202 semper
1379 1116 1528 1184 ante
1551 1131 1744 1180 omne
1773 1109 2027 1179 initium
2046 1107 2348 1178 creaturis
2370 1128 2620 1177 succes·

607 1216 752 1285 siris
781 1219 1114 1286 coexistere
1133 1220 1484 1299 sufficeret,
1521 1219 1802 1309 adeoque
1827 1218 2161 1287 aeternitati
2181 1214 2303 1283 sub
2327 1221 2621 1307 respectu

603 1322 796 1415 huJ‘us
826 1326 1238 1398 coexistentiae
1264 1345 1517 1418 semper
1539 1326 1847 1417 possibilis
1869 1321 1986 1394 ‘seu
2027 1323 2148 1392 sub
2170 1329 2465 1413 respectu
2490 1323 2621 1391 du·-

604 1433 861 1502 rationis
886 1435 1296 1503 essentialiter
1323 1436 1460 1503 sine
1493 1433 1674 1503 initio
1698 1439 1763 1502 et
1793 1435 1935 1512 sine
1973 1432 2110 1503 fine
2125 1432 2447 1501 continuae
2470 1432 2616 1500 nul-

606 1540 670 1609 la
698 1546 990 1611 creatura
1012 1543 1127 1612 toti
1159 1544 1497 1613 coexistere
1525 1546 1731 1635 potest
1753 1540 1869 1636 (1).⁸

692 1716 850 1784 Inst.
896 1716 965 1783 2⁰
1003 1714 1244 1783 Saltem
1272 1714 1446 1785 Deus
1470 1715 1661 1785 hodie
1687 1715 1922 1785 diutius
1943 1717 2183 1795 existit,
2219 1738 2418 1807 quam
2438 1717 2615 1798 heri;

605 1844 757 1911 ergo
788 1822 1104 1890 aeternitas
1133 1844 1269 1893 non
1297 1830 1391 1893 est
1427 1829 1557 1892 tota
1576 1874 1594 1905 ,
1644 1824 1758 1894 sed
1787 1824 2065 1897 Quotidie
2090 1826 2500 1896 incrementa
2527 1842 2619 1895 as·-

483 1935 498 1975 ἵ
606 1929 822 2020 sumit.

690 2079 772 2149 R.
820 2082 908 2150 D.
945 2082 1101 2153 Ant.
1139 2082 1315 2153 Deus
1363 2083 1556 2153 hodie
1616 2083 1854 2153 diutius
1881 2085 2084 2154 existit
2112 2086 2483 2172 formaliter,
2528 2085 2614 2152 Ν.

603 2191 757 2288 Aac.
815 2189 1189 2259 Virtualicer
1206 2239 1228 2272 ,
1276 2199 1595 2282 quatenus
1629 2192 1923 2282 pluribus
1959 2191 2149 2261 hodie
2167 2196 2182 2281 1
2203 2191 2619 2261 successioni-

608 2296 732 2367 bus
790 2297 1066 2367 coexistit
1104 2345 1121 2377 ,
1172 2320 1371 2389 quam
1421 2299 1565 2367 heri
1611 2299 2000 2367 coexstiterat
2020 2347 2039 2375 ,
2091 2320 2207 2367 sou
2255 2301 2568 2389 quatenus
2591 2347 2609 2376 ,

607 2430 753 2501 quae
789 2428 1040 2499 semper
1082 2408 1151 2476 in
1196 2409 1335 2500 ipso
1376 2406 1604 2476 eadem
1655 2411 1806 2475 sunt
1846 2405 2106 2475 consilia
2129 2455 2148 2484 ,
2193 2402 2615 2476 successivum

603 2516 688 2587 ad
717 2520 895 2585 extra
938 2516 1290 2584 sortiuntur
1335 2515 1634 2584 effectum
1658 2566 1676 2593 ‚
1716 2514 1790 2582 C.
1824 2515 1977 2582 Ant.
2026 2517 2091 2580 et
2113 2513 2203 2583 N.
2243 2514 2423 2583 Com.
2473 2512 2617 2586 Non

603 2622 785 2695 enim
811 2621 1139 2698 aeternitas
1176 2616 1300 2700 Dei
1343 2644 1458 2694 seu
1503 2594 1683 2696 ectus
1696 2621 1983 2693 infinitus
2006 2671 2027 2702 ,
2069 2642 2198 2714 quo
2237 2627 2331 2692 est
2352 2669 2379 2713 ,‚
2406 2621 2617 2697 incre-

664 2832 734 2900 (1)
764 2833 1001 2898 Exempla
1018 2833 1245 2898 quaedam
1263 2848 1366 2885 non
1390 2833 1592 2898 quidem
1613 2831 1915 2894 aeternitatis,
1937 2831 2023 2882 sed
2042 2831 2312 2883 existentiae
2331 2831 2551 2886 formalis
2569 2836 2620 2885 et

602 2900 825 2958 virtualis
842 2918 905 2958 ex
921 2907 1036 2971 ipsis
1059 2902 1207 2958 rebus
1236 2907 1541 2956 naturalibus
1561 2907 1819 2968 desumpta
1847 2916 1957 2954 rem
1993 2904 2252 2954 clariorem
2285 2903 2512 2959 reddent.
2545 2902 2620 2956 Sit

601 2991 652 3030 v.
680 2993 730 3044 g.
772 2974 914 3041 lapis,
957 2974 1066 3042 qui,
1104 2983 1223 3031 utut
1251 2979 1389 3029 omni
1411 2977 1722 3041 intemperiei
1755 2977 2000 3040 expositus
2014 3011 2031 3036 ‚
2075 2973 2181 3037 ejus
2198 2974 2370 3026 tamen
2401 2976 2469 3029 sIt
2496 2988 2614 3028 con-

601 3047 863 3100 stitutionis
876 3049 1101 3115 internae‚
1124 3053 1182 3101 ut
1200 3064 1289 3112 per
1302 3050 1530 3100 millenos
1544 3062 1699 3099 annos
1713 3048 1905 3112 integer
1917 3048 2184 3110 perdurare
2199 3047 2362 3110 possit.
2380 3046 2617 3110 HuicJam

601 3134 771 3172 musca
788 3121 865 3172 vel
881 3121 1079 3184 vermis,
1108 3132 1323 3184 quorum
1342 3121 1443 3171 vite
1463 3130 1736 3183 paucorum
1763 3119 1958 3171 dierum
1995 3121 2087 3180 est,
2113 3114 2208 3168 toti
2227 3117 2499 3170 coexistent
2513 3154 2531 3182 ,
2577 3118 2620 3171 si

602 3192 859 3245 existentia
877 3192 1029 3255 ipsius
1045 3193 1331 3258 formaliter
1349 3207 1437 3244 seu
1454 3196 1694 3256 tanquam
1713 3201 1818 3242 esse
1835 3192 2081 3254 spectetur
2095 3227 2111 3252 ‚
2156 3191 2287 3252 quod
2308 3189 2391 3240 hic
2417 3193 2469 3241 et
2486 3203 2620 3240 nunc

600 3269 762 3315 totum
781 3264 957 3326 habet3
981 3278 1084 3313 non
1119 3278 1238 3313 vero
1270 3265 1422 3314 etiam
1447 3263 1714 3313 coexistent
1750 3263 1872 3326 toti,
1910 3261 1952 3311 si
1981 3261 2238 3311 existentia
2275 3260 2428 3323 ipsius
2446 3260 2620 3324 lapidis

601 3336 885 3387 virtualiter
902 3348 991 3386 seu
1008 3335 1101 3384 sub
1132 3349 1192 3385 eo
1209 3338 1432 3398 respectu
1461 3334 1798 3384 consideretur
1816 3368 1834 3397 ‚
1867 3346 1964 3396 quo
1985 3332 2110 3394 lapis
2131 3332 2213 3380 ille
2230 3345 2291 3380 ex
2311 3332 2509 3382 interne
2530 3331 2621 3382 su&

601 3407 782 3463 nature
803 3407 968 3468 habet,
992 3409 1049 3456 ut
1077 3419 1166 3467 per
1184 3407 1410 3456 millenos
1430 3419 1585 3455 annos
1607 3406 1787 3454 durare
1809 3404 1960 3467 possit
1978 3419 1993 3467 3
2031 3417 2169 3455 secus
2190 3403 2382 3452 tamdiu
2413 3403 2623 3454 existere

600 3481 857 3540 deberent,
895 3477 1134 3541 quamdiu
1152 3477 1315 3528 existit
1342 3478 1484 3540 lapis,
1508 3478 1588 3526 Sic
1605 3477 1736 3526 Deus
1755 3489 1907 3526 omne
1929 3490 2034 3525 esse
2063 3488 2258 3537 semper
2289 3475 2470 3538 habet3
2503 3488 2620 3538 ergo

603 3550 765 3600 omnis
784 3550 1009 3600 creatura
1030 3562 1223 3612 semper
1244 3549 1337 3599 toti
1354 3548 1648 3599 essedivt'no
1678 3549 1897 3610 adeoque
1927 3551 1980 3598 et
1998 3548 2091 3597 toti
2111 3545 2379 3597 aeternitati
2397 3542 2491 3597 Dei
2509 3548 2620 3611 fin·-

603 3619 807 3673 maliter
832 3623 1056 3683 spectatae
1076 3621 1298 3670 coexistit
1317 3633 1336 3671 ι
1373 3621 1459 3670 sed
1480 3634 1585 3670 esso
1605 3619 1831 3670 divinum
1851 3620 1929 3669 est
1947 3632 2055 3669 esse
2076 3616 2407 3668 neeessariam
2427 3652 2443 3682 ‚
2482 3618 2621 3681 cujus

606 3691 991 3744 non-existentia
1030 3693 1250 3743 absolute
1273 3693 1531 3755 repugnat,
1561 3691 1778 3755 adeoque
1797 3691 1850 3740 in
1870 3704 1921 3740 se
1938 3692 2070 3740 hanc
2086 3690 2323 3739 virtutem
2351 3690 2528 3752 habet,
2544 3693 2618 3750 ut,

603 3763 730 3814 sicut
751 3774 1007 3827 nunquam
1027 3774 1132 3813 esse
1160 3762 1365 3827 incepit,
1397 3763 1469 3812 ite
1487 3774 1745 3826 nunquam
1765 3762 1915 3826 possit
1931 3761 2173 3824 desinere,
2196 3762 2317 3812 dum
2335 3771 2416 3811 res
2448 3763 2622 3811 creatae

604 3835 877 3889 necessario
898 3838 950 3888 et
974 3835 1217 3897 incipiunt
1243 3839 1295 3884 et
1326 3836 1564 3898 pereunt3
1608 3847 1726 3905 crgo
1765 3838 1987 3892 creatura
2011 3835 2151 3896 nulla
2187 3834 2280 3889 toti
2313 3844 2417 3888 cese
2452 3832 2619 3887 divino

604 3902 890 3958 virtualiter
909 3911 1118 3971 spectato
1152 3906 1414 3959 coexistere
1434 3907 1631 3970 poterit.
2446 3936 2450 3943 »
