<?xml version="1.0" encoding="UTF-8"?>
<!DOCTYPE html PUBLIC "-//W3C//DTD XHTML 1.0 Transitional//EN"
    "http://www.w3.org/TR/xhtml1/DTD/xhtml1-transitional.dtd">
<html xmlns="http://www.w3.org/1999/xhtml" xml:lang="en" lang="en">
 <head>
  <title>
</title>
<meta http-equiv="Content-Type" content="text/html;charset=utf-8" />
  <meta name='ocr-system' content='tesseract 3.04.00' />
  <meta name='ocr-capabilities' content='ocr_page ocr_carea ocr_par ocr_line ocrx_word'/>
</head>
<body>
  <div class='ocr_page' id='page_1' title='image "./institutionesph00rothgoog_0191.png"; bbox 0 0 2988 4832; ppageno 0'>
   <div class='ocr_carea' id='block_1_1' title="bbox 314 480 1697 691">
    <p class='ocr_par' dir='ltr' id='par_1_1' title="bbox 314 480 1697 691">
     <span class='ocr_line' id='line_1_1' title="bbox 314 480 1697 691; baseline -0.002 -21.883"><span class='ocrx_word' id='word_1_1' title='bbox 314 593 474 670; x_wconf 98' lang='grc'><strong>81.</strong></span> <span class='ocrx_word' id='word_1_2' title='bbox 518 593 632 669; x_wconf 83' lang='lat' dir='ltr'><strong>His</strong></span> <span class='ocrx_word' id='word_1_3' title='bbox 659 595 948 691; x_wconf 77' lang='lat' dir='ltr'><strong>expositis</strong></span> <span class='ocrx_word' id='word_1_4' title='bbox 978 480 1451 690; x_wconf 51' lang='lat' dir='ltr'><strong>nostruffiijam</strong></span> <span class='ocrx_word' id='word_1_5' title='bbox 1473 602 1588 676; x_wconf 83' lang='lat' dir='ltr'><strong>est.</strong></span> <span class='ocrx_word' id='word_1_6' title='bbox 1623 600 1697 670; x_wconf 89' lang='lat' dir='ltr'><strong>ut</strong></span> 
     </span>
    </p>
   </div>
   <div class='ocr_carea' id='block_1_2' title="bbox 289 661 2299 1017">
    <p class='ocr_par' dir='ltr' id='par_1_2' title="bbox 289 661 2299 1017">
     <span class='ocr_line' id='line_1_2' title="bbox 369 661 2299 822; baseline 0.003 -24"><span class='ocrx_word' id='word_1_7' title='bbox 369 728 418 800; x_wconf 91' lang='grc' dir='ltr'><strong>Ι.</strong></span> <span class='ocrx_word' id='word_1_8' title='bbox 459 728 688 800; x_wconf 65' lang='lat' dir='ltr'><strong>Resutd</strong></span> <span class='ocrx_word' id='word_1_9' title='bbox 732 736 796 803; x_wconf 85' lang='lat' dir='ltr'><strong>et</strong></span> <span class='ocrx_word' id='word_1_10' title='bbox 838 731 1125 800; x_wconf 85' lang='lat' dir='ltr'><strong>funditus</strong></span> <span class='ocrx_word' id='word_1_11' title='bbox 1171 731 1391 800; x_wconf 64' lang='lat' dir='ltr'><strong>eversa</strong></span> <span class='ocrx_word' id='word_1_12' title='bbox 1432 730 1647 822; x_wconf 63' lang='lat' dir='ltr'><strong>prime</strong></span> <span class='ocrx_word' id='word_1_13' title='bbox 1681 728 2018 812; x_wconf 57' lang='lat' dir='ltr'><strong>sententia,</strong></span> <span class='ocrx_word' id='word_1_14' title='bbox 2058 661 2299 805; x_wconf 56' lang='lat' dir='ltr'><strong>invicte</strong></span> 
     </span>
     <span class='ocr_line' id='line_1_3' title="bbox 289 836 2294 931; baseline 0.002 -23"><span class='ocrx_word' id='word_1_15' title='bbox 289 836 660 930; x_wconf 85' lang='lat' dir='ltr'><strong>probemus,</strong></span> <span class='ocrx_word' id='word_1_16' title='bbox 682 837 856 909; x_wconf 82' lang='lat' dir='ltr'><strong>ideas</strong></span> <span class='ocrx_word' id='word_1_17' title='bbox 894 859 1033 907; x_wconf 87' lang='lat' dir='ltr'><strong>non</strong></span> <span class='ocrx_word' id='word_1_18' title='bbox 1073 860 1299 909; x_wconf 88' lang='lat' dir='ltr'><strong>omnes</strong></span> <span class='ocrx_word' id='word_1_19' title='bbox 1325 858 1368 908; x_wconf 78' lang='lat' dir='ltr'>a</span> <span class='ocrx_word' id='word_1_20' title='bbox 1393 838 1684 908; x_wconf 82' lang='lat' dir='ltr'><strong>sensibus</strong></span> <span class='ocrx_word' id='word_1_21' title='bbox 1719 840 2104 931; x_wconf 83' lang='lat' dir='ltr'><strong>provenire·</strong></span> <span class='ocrx_word' id='word_1_22' title='bbox 2138 840 2294 912; x_wconf 86' lang='lat' dir='ltr'><strong>dein</strong></span> 
     </span>
     <span class='ocr_line' id='line_1_4' title="bbox 289 967 458 1017; baseline 0.012 -2"><span class='ocrx_word' id='word_1_23' title='bbox 289 967 458 1017; x_wconf 63' lang='lat' dir='ltr'><strong>vero⁴</strong></span> 
     </span>
    </p>
   </div>
   <div class='ocr_carea' id='block_1_3' title="bbox 364 1038 2521 1163">
    <p class='ocr_par' dir='ltr' id='par_1_3' title="bbox 364 1038 2521 1163">
     <span class='ocr_line' id='line_1_5' title="bbox 364 1038 2521 1163; baseline 0 -20"><span class='ocrx_word' id='word_1_24' title='bbox 364 1071 440 1143; x_wconf 87' lang='grc' dir='ltr'><strong>ΙΙ.</strong></span> <span class='ocrx_word' id='word_1_25' title='bbox 485 1071 567 1143; x_wconf 85' lang='lat' dir='ltr'><strong>In</strong></span> <span class='ocrx_word' id='word_1_26' title='bbox 600 1071 877 1142; x_wconf 86' lang='lat' dir='ltr'><strong>diversos</strong></span> <span class='ocrx_word' id='word_1_27' title='bbox 903 1070 1131 1142; x_wconf 86' lang='lat' dir='ltr'><strong>modos</strong></span> <span class='ocrx_word' id='word_1_28' title='bbox 1165 1070 1583 1163; x_wconf 80' lang='lat' dir='ltr'><strong>inquirentes,</strong></span> <span class='ocrx_word' id='word_1_29' title='bbox 1618 1072 1855 1162; x_wconf 86' lang='lat' dir='ltr'><strong>quibus</strong></span> <span class='ocrx_word' id='word_1_30' title='bbox 1897 1094 2016 1142; x_wconf 88' lang='lat' dir='ltr'><strong>nos</strong></span> <span class='ocrx_word' id='word_1_31' title='bbox 2047 1070 2132 1142; x_wconf 87' lang='lat' dir='ltr'><strong>ad</strong></span> <span class='ocrx_word' id='word_1_32' title='bbox 2163 1052 2298 1142; x_wconf 72' lang='lat' dir='ltr'><strong>no·</strong></span> <span class='ocrx_word' id='word_1_33' title='bbox 2322 1038 2347 1159; x_wconf 21' lang='lat'><strong>‘2</strong></span> <span class='ocrx_word' id='word_1_34' title='bbox 2445 1050 2453 1056; x_wconf 36' lang='lat'><em>⁶</em></span> <span class='ocrx_word' id='word_1_35' title='bbox 2513 1152 2521 1161; x_wconf 49' lang='lat'><strong>,</strong></span> 
     </span>
    </p>
   </div>
   <div class='ocr_carea' id='block_1_4' title="bbox 285 1180 2310 1814">
    <p class='ocr_par' dir='ltr' id='par_1_4' title="bbox 285 1180 2310 1814">
     <span class='ocr_line' id='line_1_6' title="bbox 287 1180 2301 1274; baseline -0.001 -23"><span class='ocrx_word' id='word_1_36' title='bbox 287 1185 513 1252; x_wconf 84' lang='lat' dir='ltr'><strong>tionem</strong></span> <span class='ocrx_word' id='word_1_37' title='bbox 537 1181 827 1252; x_wconf 89' lang='lat' dir='ltr'><strong>idearum</strong></span> <span class='ocrx_word' id='word_1_38' title='bbox 859 1185 1195 1274; x_wconf 81' lang='lat' dir='ltr'><strong>pervenire</strong></span> <span class='ocrx_word' id='word_1_39' title='bbox 1223 1185 1456 1255; x_wconf 84' lang='lat' dir='ltr'><strong>docent</strong></span> <span class='ocrx_word' id='word_1_40' title='bbox 1478 1183 1776 1254; x_wconf 82' lang='lat' dir='ltr'><strong>secundae</strong></span> <span class='ocrx_word' id='word_1_41' title='bbox 1814 1181 2140 1253; x_wconf 84' lang='lat' dir='ltr'><strong>sententiae</strong></span> <span class='ocrx_word' id='word_1_42' title='bbox 2165 1180 2301 1249; x_wconf 70' lang='lat' dir='ltr'><strong>iau-</strong></span> 
     </span>
     <span class='ocr_line' id='line_1_7' title="bbox 289 1278 2301 1381; baseline 0 -24"><span class='ocrx_word' id='word_1_43' title='bbox 289 1278 456 1365; x_wconf 79' lang='lat' dir='ltr'><strong>tores.</strong></span> <span class='ocrx_word' id='word_1_44' title='bbox 500 1310 912 1381; x_wconf 75' lang='lat' dir='ltr'><strong>exponamuS‚</strong></span> <span class='ocrx_word' id='word_1_45' title='bbox 953 1292 1216 1363; x_wconf 84' lang='lat' dir='ltr'><strong>unicam</strong></span> <span class='ocrx_word' id='word_1_46' title='bbox 1241 1298 1496 1363; x_wconf 82' lang='lat' dir='ltr'><strong>tantum</strong></span> <span class='ocrx_word' id='word_1_47' title='bbox 1524 1292 1757 1370; x_wconf 84' lang='lat' dir='ltr'><strong>ideam,</strong></span> <span class='ocrx_word' id='word_1_48' title='bbox 1823 1312 2057 1380; x_wconf 88' lang='lat' dir='ltr'><strong>nempe</strong></span> <span class='ocrx_word' id='word_1_49' title='bbox 2090 1288 2301 1358; x_wconf 86' lang='lat' dir='ltr'><strong>ideam</strong></span> 
     </span>
     <span class='ocr_line' id='line_1_8' title="bbox 285 1396 2297 1489; baseline 0.001 -26"><span class='ocrx_word' id='word_1_50' title='bbox 285 1411 370 1463; x_wconf 71' lang='grc' dir='ltr'><strong>τοῦ</strong></span> <span class='ocrx_word' id='word_1_51' title='bbox 393 1419 510 1464; x_wconf 78' lang='lat' dir='ltr'><strong>esse</strong></span> <span class='ocrx_word' id='word_1_52' title='bbox 534 1398 893 1484; x_wconf 75' lang='lat' dir='ltr'><strong>simpliciter</strong></span> <span class='ocrx_word' id='word_1_53' title='bbox 913 1397 1001 1489; x_wconf 88' lang='lat'><strong>(1)</strong></span> <span class='ocrx_word' id='word_1_54' title='bbox 1028 1399 1393 1469; x_wconf 84' lang='lat' dir='ltr'><strong>immediate</strong></span> <span class='ocrx_word' id='word_1_55' title='bbox 1413 1423 1454 1469; x_wconf 82' lang='lat' dir='ltr'><strong>a</strong></span> <span class='ocrx_word' id='word_1_56' title='bbox 1473 1401 1718 1468; x_wconf 88' lang='lat' dir='ltr'><strong>ratione</strong></span> <span class='ocrx_word' id='word_1_57' title='bbox 1758 1398 2021 1489; x_wconf 86' lang='lat' dir='ltr'><strong>percipi,</strong></span> <span class='ocrx_word' id='word_1_58' title='bbox 2061 1402 2125 1464; x_wconf 89' lang='lat' dir='ltr'><strong>et</strong></span> <span class='ocrx_word' id='word_1_59' title='bbox 2149 1396 2297 1487; x_wconf 79' lang='lat' dir='ltr'><strong>qui-</strong></span> 
     </span>
     <span class='ocr_line' id='line_1_9' title="bbox 286 1499 2298 1594; baseline -0.001 -21"><span class='ocrx_word' id='word_1_60' title='bbox 286 1499 421 1573; x_wconf 86' lang='lat' dir='ltr'><strong>dem</strong></span> <span class='ocrx_word' id='word_1_61' title='bbox 455 1504 684 1575; x_wconf 83' lang='lat' dir='ltr'><strong>saltem</strong></span> <span class='ocrx_word' id='word_1_62' title='bbox 721 1504 972 1583; x_wconf 87' lang='lat' dir='ltr'><strong>reflexe,</strong></span> <span class='ocrx_word' id='word_1_63' title='bbox 1017 1508 1346 1575; x_wconf 71' lang='lat' dir='ltr'><strong>occasione</strong></span> <span class='ocrx_word' id='word_1_64' title='bbox 1388 1505 1796 1585; x_wconf 82' lang='lat' dir='ltr'><strong>sensationis;</strong></span> <span class='ocrx_word' id='word_1_65' title='bbox 1840 1504 1968 1594; x_wconf 69' lang='lat' dir='ltr'><strong>qua</strong></span> <span class='ocrx_word' id='word_1_66' title='bbox 2004 1502 2146 1571; x_wconf 68' lang='lat' dir='ltr'><strong>idea</strong></span> <span class='ocrx_word' id='word_1_67' title='bbox 2176 1525 2298 1570; x_wconf 87' lang='lat' dir='ltr'><strong>ra·-</strong></span> 
     </span>
     <span class='ocr_line' id='line_1_10' title="bbox 287 1604 2310 1706; baseline 0.001 -29"><span class='ocrx_word' id='word_1_68' title='bbox 287 1609 428 1680; x_wconf 86' lang='lat' dir='ltr'><strong>tioni</strong></span> <span class='ocrx_word' id='word_1_69' title='bbox 443 1604 835 1703; x_wconf 77' lang='lat' dir='ltr'><strong>praelucente</strong></span> <span class='ocrx_word' id='word_1_70' title='bbox 863 1612 1220 1682; x_wconf 82' lang='lat' dir='ltr'><strong>intellectus</strong></span> <span class='ocrx_word' id='word_1_71' title='bbox 1241 1612 1541 1706; x_wconf 85' lang='lat' dir='ltr'><strong>deinceps</strong></span> <span class='ocrx_word' id='word_1_72' title='bbox 1572 1633 1798 1684; x_wconf 86' lang='lat' dir='ltr'><strong>omnes</strong></span> <span class='ocrx_word' id='word_1_73' title='bbox 1823 1610 2105 1701; x_wconf 79' lang='lat' dir='ltr'><strong>reliquos</strong></span> <span class='ocrx_word' id='word_1_74' title='bbox 2132 1631 2310 1688; x_wconf 72' lang='lat' dir='ltr'><strong>con-,z</strong></span> 
     </span>
     <span class='ocr_line' id='line_1_11' title="bbox 289 1717 1500 1814; baseline 0.005 -27"><span class='ocrx_word' id='word_1_75' title='bbox 289 1724 496 1814; x_wconf 82' lang='lat' dir='ltr'><strong>ceptus</strong></span> <span class='ocrx_word' id='word_1_76' title='bbox 520 1719 639 1791; x_wconf 87' lang='lat' dir='ltr'><strong>sibi</strong></span> <span class='ocrx_word' id='word_1_77' title='bbox 661 1719 794 1814; x_wconf 89' lang='lat' dir='ltr'><strong>ipse</strong></span> <span class='ocrx_word' id='word_1_78' title='bbox 818 1719 1136 1791; x_wconf 83' lang='lat' dir='ltr'><strong>efformet.</strong></span> <span class='ocrx_word' id='word_1_79' title='bbox 1163 1717 1354 1791; x_wconf 90' lang='lat' dir='ltr'><strong>Unde</strong></span> <span class='ocrx_word' id='word_1_80' title='bbox 1375 1722 1454 1792; x_wconf 81' lang='lat' dir='ltr'><strong>sit</strong></span> <span class='ocrx_word' id='word_1_81' title='bbox 1479 1746 1500 1793; x_wconf 74' lang='lat' dir='ltr'><strong>t</strong></span> 
     </span>
    </p>
   </div>
   <div class='ocr_carea' id='block_1_5' title="bbox 276 1947 2336 2741">
    <p class='ocr_par' dir='ltr' id='par_1_5' title="bbox 276 1947 2336 2741">
     <span class='ocr_line' id='line_1_12' title="bbox 284 1947 2308 2030; baseline 0.001 -20"><span class='ocrx_word' id='word_1_82' title='bbox 284 1947 378 2010; x_wconf 50' lang='lat' dir='ltr'><strong>lis:</strong></span> <span class='ocrx_word' id='word_1_83' title='bbox 390 1957 511 2012; x_wconf 82' lang='lat' dir='ltr'><strong>Jam</strong></span> <span class='ocrx_word' id='word_1_84' title='bbox 543 1972 664 2013; x_wconf 79' lang='lat' dir='ltr'><strong>vero</strong></span> <span class='ocrx_word' id='word_1_85' title='bbox 683 1959 911 2023; x_wconf 79' lang='lat' dir='ltr'><strong>inprimis</strong></span> <span class='ocrx_word' id='word_1_86' title='bbox 929 1972 1033 2014; x_wconf 87' lang='lat' dir='ltr'><strong>non</strong></span> <span class='ocrx_word' id='word_1_87' title='bbox 1051 1961 1182 2015; x_wconf 83' lang='lat' dir='ltr'><strong>bene</strong></span> <span class='ocrx_word' id='word_1_88' title='bbox 1201 1961 1511 2030; x_wconf 80' lang='lat' dir='ltr'><strong>intelligitur,</strong></span> <span class='ocrx_word' id='word_1_89' title='bbox 1534 1951 1655 2029; x_wconf 82' lang='lat' dir='ltr'><strong>quid</strong></span> <span class='ocrx_word' id='word_1_90' title='bbox 1673 1964 1758 2014; x_wconf 83' lang='lat' dir='ltr'><strong>hie</strong></span> <span class='ocrx_word' id='word_1_91' title='bbox 1802 1962 2044 2027; x_wconf 78' lang='lat' dir='ltr'><strong>significet</strong></span> <span class='ocrx_word' id='word_1_92' title='bbox 2059 1973 2157 2011; x_wconf 80' lang='lat' dir='ltr'><strong>vox</strong></span> <span class='ocrx_word' id='word_1_93' title='bbox 2194 1953 2308 2013; x_wconf 54' lang='lat' dir='ltr'><strong>haee‘</strong></span> 
     </span>
     <span class='ocr_line' id='line_1_13' title="bbox 284 2032 2302 2099; baseline 0.002 -20"><span class='ocrx_word' id='word_1_94' title='bbox 284 2032 442 2084; x_wconf 79' lang='lat' dir='ltr'><strong>innata</strong></span> <span class='ocrx_word' id='word_1_95' title='bbox 458 2034 546 2085; x_wconf 77' lang='lat' dir='ltr'><strong>vel</strong></span> <span class='ocrx_word' id='word_1_96' title='bbox 564 2033 784 2099; x_wconf 77' lang='lat' dir='ltr'><strong>inqenita</strong></span> <span class='ocrx_word' id='word_1_97' title='bbox 804 2046 824 2082; x_wconf 92' lang='lat'><strong>.·</strong></span> <span class='ocrx_word' id='word_1_98' title='bbox 844 2045 914 2084; x_wconf 89' lang='lat' dir='ltr'><strong>an</strong></span> <span class='ocrx_word' id='word_1_99' title='bbox 942 2048 1085 2086; x_wconf 88' lang='lat' dir='ltr'><strong>mens</strong></span> <span class='ocrx_word' id='word_1_100' title='bbox 1104 2036 1169 2085; x_wconf 89' lang='lat' dir='ltr'><strong>sit</strong></span> <span class='ocrx_word' id='word_1_101' title='bbox 1188 2036 1399 2086; x_wconf 80' lang='lat' dir='ltr'><strong>formata</strong></span> <span class='ocrx_word' id='word_1_102' title='bbox 1432 2037 1505 2086; x_wconf 81' lang='lat' dir='ltr'><strong>ita</strong></span> <span class='ocrx_word' id='word_1_103' title='bbox 1527 2071 1546 2099; x_wconf 89' lang='lat'><strong>,</strong></span> <span class='ocrx_word' id='word_1_104' title='bbox 1572 2040 1630 2086; x_wconf 91' lang='grc' dir='ltr'><strong>ιιι</strong></span> <span class='ocrx_word' id='word_1_105' title='bbox 1649 2035 1924 2086; x_wconf 84' lang='lat' dir='ltr'><strong>necessario</strong></span> <span class='ocrx_word' id='word_1_106' title='bbox 1945 2038 1999 2087; x_wconf 70' lang='grc' dir='ltr'><strong>τὶ</strong></span> <span class='ocrx_word' id='word_1_107' title='bbox 2014 2032 2063 2085; x_wconf 72' lang='grc' dir='ltr'><strong>’ὃν</strong></span> <span class='ocrx_word' id='word_1_108' title='bbox 2083 2034 2302 2097; x_wconf 79' lang='lat' dir='ltr'><strong>cogitare</strong></span> 
     </span>
     <span class='ocr_line' id='line_1_14' title="bbox 284 2102 2303 2169; baseline 0.001 -18"><span class='ocrx_word' id='word_1_109' title='bbox 284 2102 462 2167; x_wconf 84' lang='lat' dir='ltr'><strong>debeat,</strong></span> <span class='ocrx_word' id='word_1_110' title='bbox 507 2118 576 2155; x_wconf 81' lang='lat' dir='ltr'><strong>an</strong></span> <span class='ocrx_word' id='word_1_111' title='bbox 593 2119 711 2154; x_wconf 79' lang='lat' dir='ltr'><strong>vero</strong></span> <span class='ocrx_word' id='word_1_112' title='bbox 744 2105 797 2158; x_wconf 70' lang='grc' dir='ltr'><strong>τὶ</strong></span> <span class='ocrx_word' id='word_1_113' title='bbox 816 2103 882 2166; x_wconf 69' lang='grc' dir='ltr'><strong>ἓν,</strong></span> <span class='ocrx_word' id='word_1_114' title='bbox 915 2107 1166 2166; x_wconf 88' lang='lat' dir='ltr'><strong>objectum</strong></span> <span class='ocrx_word' id='word_1_115' title='bbox 1206 2106 1356 2168; x_wconf 84' lang='lat' dir='ltr'><strong>hujus</strong></span> <span class='ocrx_word' id='word_1_116' title='bbox 1395 2107 1537 2169; x_wconf 84' lang='lat' dir='ltr'><strong>ideae,</strong></span> <span class='ocrx_word' id='word_1_117' title='bbox 1575 2107 1717 2169; x_wconf 88' lang='lat' dir='ltr'><strong>quasi</strong></span> <span class='ocrx_word' id='word_1_118' title='bbox 1749 2107 1907 2156; x_wconf 86' lang='lat' dir='ltr'><strong>menti</strong></span> <span class='ocrx_word' id='word_1_119' title='bbox 1939 2107 2195 2157; x_wconf 80' lang='lat' dir='ltr'><strong>inhaereat.</strong></span> <span class='ocrx_word' id='word_1_120' title='bbox 2239 2105 2303 2153; x_wconf 84' lang='lat' dir='ltr'><strong>ln</strong></span> 
     </span>
     <span class='ocr_line' id='line_1_15' title="bbox 283 2176 2302 2245; baseline 0 -21"><span class='ocrx_word' id='word_1_121' title='bbox 283 2179 479 2241; x_wconf 83' lang='lat' dir='ltr'><strong>utroque</strong></span> <span class='ocrx_word' id='word_1_122' title='bbox 529 2192 649 2228; x_wconf 81' lang='lat' dir='ltr'><strong>casu</strong></span> <span class='ocrx_word' id='word_1_123' title='bbox 679 2180 944 2230; x_wconf 78' lang='lat' dir='ltr'><strong>difficulter</strong></span> <span class='ocrx_word' id='word_1_124' title='bbox 979 2178 1128 2238; x_wconf 89' lang='lat' dir='ltr'><strong>hujus</strong></span> <span class='ocrx_word' id='word_1_125' title='bbox 1166 2178 1294 2245; x_wconf 35' lang='lat' dir='ltr'><strong>,ideae</strong></span> <span class='ocrx_word' id='word_1_126' title='bbox 1345 2179 1548 2227; x_wconf 77' lang='lat' dir='ltr'><strong>realitns</strong></span> <span class='ocrx_word' id='word_1_127' title='bbox 1591 2177 1832 2239; x_wconf 79' lang='lat' dir='ltr'><strong>objectiva</strong></span> <span class='ocrx_word' id='word_1_128' title='bbox 1873 2178 1941 2227; x_wconf 78' lang='lat' dir='ltr'><strong>et&#39;</strong></span> <span class='ocrx_word' id='word_1_129' title='bbox 1976 2191 2007 2226; x_wconf 87' lang='lat' dir='ltr'><strong>a</strong></span> <span class='ocrx_word' id='word_1_130' title='bbox 2068 2176 2302 2227; x_wconf 74' lang='lat' dir='ltr'><strong>realitate</strong></span> 
     </span>
     <span class='ocr_line' id='line_1_16' title="bbox 282 2245 2305 2311; baseline 0 -16"><span class='ocrx_word' id='word_1_131' title='bbox 282 2248 423 2311; x_wconf 75' lang='lat' dir='ltr'><strong>ipsius</strong></span> <span class='ocrx_word' id='word_1_132' title='bbox 459 2251 645 2299; x_wconf 88' lang='lat' dir='ltr'><strong>mentis</strong></span> <span class='ocrx_word' id='word_1_133' title='bbox 681 2251 912 2300; x_wconf 82' lang='lat' dir='ltr'><strong>distincta</strong></span> <span class='ocrx_word' id='word_1_134' title='bbox 931 2249 1125 2297; x_wconf 86' lang='lat' dir='ltr'><strong>ostendi</strong></span> <span class='ocrx_word' id='word_1_135' title='bbox 1157 2248 1373 2310; x_wconf 85' lang='lat' dir='ltr'><strong>poterit,</strong></span> <span class='ocrx_word' id='word_1_136' title='bbox 1404 2251 1456 2297; x_wconf 88' lang='lat' dir='ltr'><strong>et</strong></span> <span class='ocrx_word' id='word_1_137' title='bbox 1494 2251 1710 2311; x_wconf 69' lang='lat' dir='ltr'><strong>systema</strong></span> <span class='ocrx_word' id='word_1_138' title='bbox 1729 2249 1824 2297; x_wconf 86' lang='lat' dir='ltr'><strong>hoc</strong></span> <span class='ocrx_word' id='word_1_139' title='bbox 1856 2248 1952 2297; x_wconf 88' lang='lat' dir='ltr'><strong>erit</strong></span> <span class='ocrx_word' id='word_1_140' title='bbox 1976 2250 2189 2310; x_wconf 72' lang='lat' dir='ltr'><strong>systema</strong></span> <span class='ocrx_word' id='word_1_141' title='bbox 2220 2245 2305 2295; x_wconf 77' lang='lat' dir='ltr'><strong>vel</strong></span> 
     </span>
     <span class='ocr_line' id='line_1_17' title="bbox 283 2316 2302 2382; baseline -0 -17"><span class='ocrx_word' id='word_1_142' title='bbox 283 2316 472 2367; x_wconf 82' lang='lat' dir='ltr'><strong>Cartcsii</strong></span> <span class='ocrx_word' id='word_1_143' title='bbox 490 2320 578 2368; x_wconf 73' lang='lat' dir='ltr'><strong>vel</strong></span> <span class='ocrx_word' id='word_1_144' title='bbox 605 2320 777 2370; x_wconf 84' lang='lat' dir='ltr'><strong>Kantii</strong></span> <span class='ocrx_word' id='word_1_145' title='bbox 803 2319 867 2369; x_wconf 83' lang='lat' dir='ltr'><strong>ad</strong></span> <span class='ocrx_word' id='word_1_146' title='bbox 892 2319 1244 2379; x_wconf 71' lang='lat' dir='ltr'><strong>simpliciorem</strong></span> <span class='ocrx_word' id='word_1_147' title='bbox 1261 2355 1278 2382; x_wconf 91' lang='lat'><strong>,</strong></span> <span class='ocrx_word' id='word_1_148' title='bbox 1318 2322 1377 2368; x_wconf 93' lang='lat' dir='ltr'><strong>ut</strong></span> <span class='ocrx_word' id='word_1_149' title='bbox 1405 2319 1475 2368; x_wconf 87' lang='lat' dir='ltr'><strong>ita</strong></span> <span class='ocrx_word' id='word_1_150' title='bbox 1494 2319 1673 2381; x_wconf 79' lang='lat' dir='ltr'><strong>loquar</strong></span> <span class='ocrx_word' id='word_1_151' title='bbox 1688 2352 1706 2380; x_wconf 88' lang='lat'><strong>,</strong></span> <span class='ocrx_word' id='word_1_152' title='bbox 1738 2318 2100 2380; x_wconf 77' lang='lat' dir='ltr'><strong>expressionem</strong></span> <span class='ocrx_word' id='word_1_153' title='bbox 2124 2317 2302 2367; x_wconf 86' lang='lat' dir='ltr'><strong>redac-</strong></span> 
     </span>
     <span class='ocr_line' id='line_1_18' title="bbox 283 2387 2306 2454; baseline -0 -16"><span class='ocrx_word' id='word_1_154' title='bbox 283 2390 405 2454; x_wconf 85' lang='lat' dir='ltr'><strong>tum,</strong></span> <span class='ocrx_word' id='word_1_155' title='bbox 427 2391 653 2453; x_wconf 78' lang='lat' dir='ltr'><strong>adeoque</strong></span> <span class='ocrx_word' id='word_1_156' title='bbox 686 2391 885 2441; x_wconf 84' lang='lat' dir='ltr'><strong>easdem</strong></span> <span class='ocrx_word' id='word_1_157' title='bbox 923 2389 1077 2440; x_wconf 84' lang='lat' dir='ltr'><strong>etiam</strong></span> <span class='ocrx_word' id='word_1_158' title='bbox 1109 2389 1210 2439; x_wconf 74' lang='lat' dir='ltr'><strong>rere</strong></span> <span class='ocrx_word' id='word_1_159' title='bbox 1248 2390 1567 2440; x_wconf 76' lang='lat' dir='ltr'><strong>difficultates</strong></span> <span class='ocrx_word' id='word_1_160' title='bbox 1615 2390 1883 2439; x_wconf 77' lang='lat' dir='ltr'><strong>vincendas</strong></span> <span class='ocrx_word' id='word_1_161' title='bbox 1919 2387 2137 2440; x_wconf 85' lang='lat' dir='ltr'><strong>habebit.</strong></span> <span class='ocrx_word' id='word_1_162' title='bbox 2174 2387 2306 2438; x_wconf 80' lang='lat' dir='ltr'><strong>Dein</strong></span> 
     </span>
     <span class='ocr_line' id='line_1_19' title="bbox 284 2459 2306 2528; baseline 0 -20"><span class='ocrx_word' id='word_1_163' title='bbox 284 2461 401 2523; x_wconf 84' lang='lat' dir='ltr'><strong>idea,</strong></span> <span class='ocrx_word' id='word_1_164' title='bbox 427 2461 575 2524; x_wconf 78' lang='lat' dir='ltr'><strong>cujus</strong></span> <span class='ocrx_word' id='word_1_165' title='bbox 595 2462 843 2524; x_wconf 72' lang='lat' dir='ltr'><strong>ohJectum</strong></span> <span class='ocrx_word' id='word_1_166' title='bbox 868 2467 942 2514; x_wconf 89' lang='lat' dir='ltr'><strong>est</strong></span> <span class='ocrx_word' id='word_1_167' title='bbox 958 2465 1012 2514; x_wconf 71' lang='grc' dir='ltr'><strong>τὶ</strong></span> <span class='ocrx_word' id='word_1_168' title='bbox 1037 2461 1088 2514; x_wconf 76' lang='grc' dir='ltr'><strong>ἓν</strong></span> <span class='ocrx_word' id='word_1_169' title='bbox 1106 2463 1160 2513; x_wconf 89' lang='lat' dir='ltr'><strong>in</strong></span> <span class='ocrx_word' id='word_1_170' title='bbox 1176 2476 1352 2528; x_wconf 79' lang='lat' dir='ltr'><strong>qenere</strong></span> <span class='ocrx_word' id='word_1_171' title='bbox 1381 2476 1470 2513; x_wconf 87' lang='lat' dir='ltr'><strong>seu</strong></span> <span class='ocrx_word' id='word_1_172' title='bbox 1485 2461 1741 2527; x_wconf 77' lang='lat' dir='ltr'><strong>possibile,</strong></span> <span class='ocrx_word' id='word_1_173' title='bbox 1775 2459 2048 2511; x_wconf 77' lang='lat' dir='ltr'><strong>necessario</strong></span> <span class='ocrx_word' id='word_1_174' title='bbox 2068 2459 2306 2524; x_wconf 78' lang='lat' dir='ltr'><strong>supponit</strong></span> 
     </span>
     <span class='ocr_line' id='line_1_20' title="bbox 281 2531 2305 2600; baseline 0 -17"><span class='ocrx_word' id='word_1_175' title='bbox 281 2532 437 2585; x_wconf 83' lang='lat' dir='ltr'><strong>ideam</strong></span> <span class='ocrx_word' id='word_1_176' title='bbox 455 2534 536 2587; x_wconf 69' lang='grc' dir='ltr'><strong>τιῦ</strong></span> <span class='ocrx_word' id='word_1_177' title='bbox 551 2549 656 2585; x_wconf 76' lang='lat' dir='ltr'><strong>esse</strong></span> <span class='ocrx_word' id='word_1_178' title='bbox 673 2535 992 2600; x_wconf 75' lang='lat' dir='ltr'><strong>simpliciter.</strong></span> <span class='ocrx_word' id='word_1_179' title='bbox 1021 2536 1137 2586; x_wconf 86' lang='lat' dir='ltr'><strong>Idea</strong></span> <span class='ocrx_word' id='word_1_180' title='bbox 1158 2535 1295 2585; x_wconf 88' lang='lat' dir='ltr'><strong>enim</strong></span> <span class='ocrx_word' id='word_1_181' title='bbox 1314 2534 1441 2584; x_wconf 87' lang='lat' dir='ltr'><strong>entis</strong></span> <span class='ocrx_word' id='word_1_182' title='bbox 1462 2533 1704 2597; x_wconf 86' lang='lat' dir='ltr'><strong>possibilis</strong></span> <span class='ocrx_word' id='word_1_183' title='bbox 1729 2537 1803 2583; x_wconf 89' lang='lat' dir='ltr'><strong>est</strong></span> <span class='ocrx_word' id='word_1_184' title='bbox 1823 2533 1935 2582; x_wconf 86' lang='lat' dir='ltr'><strong>idea</strong></span> <span class='ocrx_word' id='word_1_185' title='bbox 1965 2531 2093 2583; x_wconf 87' lang='lat' dir='ltr'><strong>entis</strong></span> <span class='ocrx_word' id='word_1_186' title='bbox 2113 2570 2129 2597; x_wconf 90' lang='lat'><strong>,</strong></span> <span class='ocrx_word' id='word_1_187' title='bbox 2170 2532 2305 2596; x_wconf 82' lang='lat' dir='ltr'><strong>quod</strong></span> 
     </span>
     <span class='ocr_line' id='line_1_21' title="bbox 278 2604 2306 2671; baseline 0.001 -18"><span class='ocrx_word' id='word_1_188' title='bbox 278 2604 473 2658; x_wconf 78' lang='lat' dir='ltr'><strong>existere</strong></span> <span class='ocrx_word' id='word_1_189' title='bbox 486 2609 695 2671; x_wconf 34' lang='lat' dir='ltr'><strong>“potest3</strong></span> <span class='ocrx_word' id='word_1_190' title='bbox 718 2620 838 2669; x_wconf 82' lang='lat' dir='ltr'><strong>ergo</strong></span> <span class='ocrx_word' id='word_1_191' title='bbox 857 2606 1170 2670; x_wconf 77' lang='lat' dir='ltr'><strong>praerequirit</strong></span> <span class='ocrx_word' id='word_1_192' title='bbox 1184 2606 1354 2656; x_wconf 88' lang='lat' dir='ltr'><strong>ideam</strong></span> <span class='ocrx_word' id='word_1_193' title='bbox 1371 2604 1643 2655; x_wconf 75' lang='lat' dir='ltr'><strong>existentiae</strong></span> <span class='ocrx_word' id='word_1_194' title='bbox 1664 2608 1720 2655; x_wconf 79' lang='lat' dir='ltr'><strong>ut</strong></span> <span class='ocrx_word' id='word_1_195' title='bbox 1736 2606 1814 2654; x_wconf 62' lang='lat' dir='ltr'><strong>&gt;sie</strong></span> <span class='ocrx_word' id='word_1_196' title='bbox 1842 2618 1928 2654; x_wconf 87' lang='lat' dir='ltr'><strong>seu</strong></span> <span class='ocrx_word' id='word_1_197' title='bbox 1949 2611 2028 2657; x_wconf 70' lang='grc' dir='ltr'><strong>τοῦ</strong></span> <span class='ocrx_word' id='word_1_198' title='bbox 2051 2617 2157 2653; x_wconf 73' lang='lat' dir='ltr'><strong>esse</strong></span> <span class='ocrx_word' id='word_1_199' title='bbox 2175 2604 2306 2655; x_wconf 77' lang='lat' dir='ltr'><strong>sim·</strong></span> 
     </span>
     <span class='ocr_line' id='line_1_22' title="bbox 276 2674 2336 2741; baseline -0 -17"><span class='ocrx_word' id='word_1_200' title='bbox 276 2674 465 2737; x_wconf 75' lang='lat' dir='ltr'><strong>pliciter</strong></span> <span class='ocrx_word' id='word_1_201' title='bbox 481 2693 502 2728; x_wconf 91' lang='grc'><strong>.·</strong></span> <span class='ocrx_word' id='word_1_202' title='bbox 523 2678 663 2741; x_wconf 89' lang='lat' dir='ltr'><strong>prius</strong></span> <span class='ocrx_word' id='word_1_203' title='bbox 684 2680 757 2726; x_wconf 89' lang='lat' dir='ltr'><strong>est</strong></span> <span class='ocrx_word' id='word_1_204' title='bbox 775 2676 912 2727; x_wconf 88' lang='lat' dir='ltr'><strong>enim</strong></span> <span class='ocrx_word' id='word_1_205' title='bbox 945 2690 1085 2727; x_wconf 87' lang='lat' dir='ltr'><strong>nosse</strong></span> <span class='ocrx_word' id='word_1_206' title='bbox 1103 2691 1120 2741; x_wconf 86' lang='grc'><strong>·,</strong></span> <span class='ocrx_word' id='word_1_207' title='bbox 1156 2676 1277 2739; x_wconf 87' lang='lat' dir='ltr'><strong>quid</strong></span> <span class='ocrx_word' id='word_1_208' title='bbox 1297 2677 1363 2726; x_wconf 87' lang='lat' dir='ltr'><strong>sit</strong></span> <span class='ocrx_word' id='word_1_209' title='bbox 1380 2689 1485 2727; x_wconf 84' lang='lat' dir='ltr'><strong>esse</strong></span> <span class='ocrx_word' id='word_1_210' title='bbox 1509 2679 1595 2725; x_wconf 88' lang='lat' dir='ltr'><strong>aut</strong></span> <span class='ocrx_word' id='word_1_211' title='bbox 1606 2676 1831 2738; x_wconf 82' lang='lat' dir='ltr'><strong>existere,</strong></span> <span class='ocrx_word' id='word_1_212' title='bbox 1857 2691 2011 2739; x_wconf 90' lang='lat' dir='ltr'><strong>quam</strong></span> <span class='ocrx_word' id='word_1_213' title='bbox 2030 2690 2175 2727; x_wconf 88' lang='lat' dir='ltr'><strong>nosse</strong></span> <span class='ocrx_word' id='word_1_214' title='bbox 2194 2687 2302 2738; x_wconf 85' lang='lat' dir='ltr'><strong>ens,</strong></span> <span class='ocrx_word' id='word_1_215' title='bbox 2330 2678 2336 2684; x_wconf 74' lang='lat'>‘</span> 
     </span>
    </p>
   </div>
   <div class='ocr_carea' id='block_1_6' title="bbox 206 2745 2300 2811">
    <p class='ocr_par' dir='ltr' id='par_1_6' title="bbox 206 2745 2300 2811">
     <span class='ocr_line' id='line_1_23' title="bbox 206 2745 2300 2811; baseline 0 -15"><span class='ocrx_word' id='word_1_216' title='bbox 206 2752 210 2756; x_wconf 57' lang='lat'><strong>⁴</strong></span> <span class='ocrx_word' id='word_1_217' title='bbox 277 2745 352 2796; x_wconf 83' lang='lat' dir='ltr'><strong>cui</strong></span> <span class='ocrx_word' id='word_1_218' title='bbox 367 2748 584 2799; x_wconf 71' lang='lat' dir='ltr'><strong>existere</strong></span> <span class='ocrx_word' id='word_1_219' title='bbox 602 2750 688 2797; x_wconf 89' lang='lat' dir='ltr'><strong>aut</strong></span> <span class='ocrx_word' id='word_1_220' title='bbox 702 2761 806 2797; x_wconf 78' lang='lat' dir='ltr'><strong>esse</strong></span> <span class='ocrx_word' id='word_1_221' title='bbox 822 2748 1020 2798; x_wconf 71' lang='lat' dir='ltr'><strong>videam</strong></span> <span class='ocrx_word' id='word_1_222' title='bbox 1042 2749 1305 2798; x_wconf 76' lang='lat' dir='ltr'><strong>convenire</strong></span> <span class='ocrx_word' id='word_1_223' title='bbox 1328 2761 1484 2811; x_wconf 84' lang='lat' dir='ltr'><strong>posse,</strong></span> <span class='ocrx_word' id='word_1_224' title='bbox 1509 2749 1584 2797; x_wconf 87' lang='lat' dir='ltr'><strong>nti</strong></span> <span class='ocrx_word' id='word_1_225' title='bbox 1601 2748 1738 2809; x_wconf 86' lang='lat' dir='ltr'><strong>prius</strong></span> <span class='ocrx_word' id='word_1_226' title='bbox 1757 2752 1833 2797; x_wconf 86' lang='lat' dir='ltr'><strong>est</strong></span> <span class='ocrx_word' id='word_1_227' title='bbox 1866 2764 2008 2800; x_wconf 89' lang='lat' dir='ltr'><strong>nosse</strong></span> <span class='ocrx_word' id='word_1_228' title='bbox 2029 2748 2300 2810; x_wconf 83' lang='lat' dir='ltr'><strong>terminos,</strong></span> 
     </span>
    </p>
   </div>
   <div class='ocr_carea' id='block_1_7' title="bbox 270 2818 2373 4034">
    <p class='ocr_par' dir='ltr' id='par_1_7' title="bbox 276 2818 2305 3168">
     <span class='ocr_line' id='line_1_24' title="bbox 279 2818 2295 2882; baseline 0 -13"><span class='ocrx_word' id='word_1_229' title='bbox 279 2830 421 2879; x_wconf 77' lang='lat' dir='ltr'><strong>quam</strong></span> <span class='ocrx_word' id='word_1_230' title='bbox 446 2832 593 2869; x_wconf 88' lang='lat' dir='ltr'><strong>nosse</strong></span> <span class='ocrx_word' id='word_1_231' title='bbox 635 2818 1031 2869; x_wconf 78' lang='lat' dir='ltr'><strong>convenientiam</strong></span> <span class='ocrx_word' id='word_1_232' title='bbox 1065 2822 1145 2867; x_wconf 82' lang='lat' dir='ltr'><strong>vel</strong></span> <span class='ocrx_word' id='word_1_233' title='bbox 1186 2818 1659 2868; x_wconf 79' lang='lat' dir='ltr'><strong>disconvenientiam</strong></span> <span class='ocrx_word' id='word_1_234' title='bbox 1693 2820 2040 2872; x_wconf 88' lang='lat' dir='ltr'><strong>terminorum.</strong></span> <span class='ocrx_word' id='word_1_235' title='bbox 2080 2821 2295 2882; x_wconf 88' lang='lat' dir='ltr'><strong>Insuper</strong></span> 
     </span>
     <span class='ocr_line' id='line_1_25' title="bbox 277 2888 2301 2952; baseline 0 -13"><span class='ocrx_word' id='word_1_236' title='bbox 277 2891 586 2949; x_wconf 85' lang='lat' dir='ltr'><strong>probandum</strong></span> <span class='ocrx_word' id='word_1_237' title='bbox 603 2891 827 2952; x_wconf 83' lang='lat' dir='ltr'><strong>restaret,</strong></span> <span class='ocrx_word' id='word_1_238' title='bbox 858 2891 1005 2951; x_wconf 78' lang='lat' dir='ltr'><strong>quale</strong></span> <span class='ocrx_word' id='word_1_239' title='bbox 1024 2890 1088 2938; x_wconf 75' lang='lat' dir='ltr'><strong>sit</strong></span> <span class='ocrx_word' id='word_1_240' title='bbox 1118 2903 1222 2938; x_wconf 73' lang='lat' dir='ltr'><strong>esse</strong></span> <span class='ocrx_word' id='word_1_241' title='bbox 1253 2889 1393 2939; x_wconf 89' lang='lat' dir='ltr'><strong>istius</strong></span> <span class='ocrx_word' id='word_1_242' title='bbox 1410 2888 1540 2937; x_wconf 84' lang='lat' dir='ltr'><strong>entis</strong></span> <span class='ocrx_word' id='word_1_243' title='bbox 1569 2888 1837 2950; x_wconf 84' lang='lat' dir='ltr'><strong>possibilis,</strong></span> <span class='ocrx_word' id='word_1_244' title='bbox 1875 2903 1942 2938; x_wconf 83' lang='lat' dir='ltr'><strong>an</strong></span> <span class='ocrx_word' id='word_1_245' title='bbox 1966 2903 2071 2939; x_wconf 86' lang='lat' dir='ltr'><strong>esse</strong></span> <span class='ocrx_word' id='word_1_246' title='bbox 2093 2891 2301 2940; x_wconf 85' lang='lat' dir='ltr'><strong>distinc-</strong></span> 
     </span>
     <span class='ocr_line' id='line_1_26' title="bbox 276 2957 2303 3024; baseline 0 -16"><span class='ocrx_word' id='word_1_247' title='bbox 276 2965 378 3011; x_wconf 88' lang='lat' dir='ltr'><strong>tum</strong></span> <span class='ocrx_word' id='word_1_248' title='bbox 396 2977 427 3011; x_wconf 84' lang='grc' dir='ltr'><strong>ιι</strong></span> <span class='ocrx_word' id='word_1_249' title='bbox 445 2964 636 3024; x_wconf 87' lang='lat' dir='ltr'><strong>mente,</strong></span> <span class='ocrx_word' id='word_1_250' title='bbox 659 2974 725 3010; x_wconf 82' lang='lat' dir='ltr'><strong>an</strong></span> <span class='ocrx_word' id='word_1_251' title='bbox 742 2974 874 3010; x_wconf 70' lang='lat' dir='ltr'><strong>vero</strong></span> <span class='ocrx_word' id='word_1_252' title='bbox 880 2961 1036 3013; x_wconf 85' lang='lat' dir='ltr'><strong>idem.</strong></span> <span class='ocrx_word' id='word_1_253' title='bbox 1060 2960 1169 3009; x_wconf 87' lang='lat' dir='ltr'><strong>Uno</strong></span> <span class='ocrx_word' id='word_1_254' title='bbox 1190 2959 1363 3019; x_wconf 75' lang='lat' dir='ltr'><strong>verbo,</strong></span> <span class='ocrx_word' id='word_1_255' title='bbox 1407 2957 1482 3009; x_wconf 90' lang='lat' dir='ltr'><strong>Cl.</strong></span> <span class='ocrx_word' id='word_1_256' title='bbox 1515 2958 1700 3007; x_wconf 84' lang='lat' dir='ltr'><strong>Auctor</strong></span> <span class='ocrx_word' id='word_1_257' title='bbox 1738 2959 1933 3020; x_wconf 82' lang='lat' dir='ltr'><strong>egregie</strong></span> <span class='ocrx_word' id='word_1_258' title='bbox 1961 2960 2150 3007; x_wconf 75' lang='lat' dir='ltr'><strong>refutat</strong></span> <span class='ocrx_word' id='word_1_259' title='bbox 2186 2973 2303 3009; x_wconf 89' lang='lat' dir='ltr'><strong>sen-</strong></span> 
     </span>
     <span class='ocr_line' id='line_1_27' title="bbox 272 3028 2305 3098; baseline -0 -16.996"><span class='ocrx_word' id='word_1_260' title='bbox 272 3034 438 3097; x_wconf 69' lang='lat' dir='ltr'><strong>sistas,</strong></span> <span class='ocrx_word' id='word_1_261' title='bbox 458 3032 660 3098; x_wconf 83' lang='lat' dir='ltr'><strong>egregie</strong></span> <span class='ocrx_word' id='word_1_262' title='bbox 690 3031 844 3081; x_wconf 81' lang='lat' dir='ltr'><strong>etiam</strong></span> <span class='ocrx_word' id='word_1_263' title='bbox 875 3031 1181 3081; x_wconf 85' lang='lat' dir='ltr'><strong>Kantianum</strong></span> <span class='ocrx_word' id='word_1_264' title='bbox 1206 3033 1465 3093; x_wconf 74' lang='lat' dir='ltr'><strong>systema,</strong></span> <span class='ocrx_word' id='word_1_265' title='bbox 1508 3028 1593 3077; x_wconf 88' lang='lat' dir='ltr'><strong>sed</strong></span> <span class='ocrx_word' id='word_1_266' title='bbox 1623 3041 1791 3091; x_wconf 84' lang='lat' dir='ltr'><strong>passus</strong></span> <span class='ocrx_word' id='word_1_267' title='bbox 1815 3029 2025 3079; x_wconf 83' lang='lat' dir='ltr'><strong>ulterior</strong></span> <span class='ocrx_word' id='word_1_268' title='bbox 2051 3030 2305 3081; x_wconf 75' lang='lat' dir='ltr'><strong>faciendus</strong></span> 
     </span>
     <span class='ocr_line' id='line_1_28' title="bbox 278 3098 2297 3188; baseline -0.002 -34"><span class='ocrx_word' id='word_1_269' title='bbox 278 3109 394 3165; x_wconf 82' lang='lat' dir='ltr'><strong>erat,</strong></span> <span class='ocrx_word' id='word_1_270' title='bbox 417 3109 475 3155; x_wconf 92' lang='grc' dir='ltr'><strong>ιιι</strong></span> <span class='ocrx_word' id='word_1_271' title='bbox 494 3103 648 3164; x_wconf 84' lang='lat' dir='ltr'><strong>hujus</strong></span> <span class='ocrx_word' id='word_1_272' title='bbox 668 3101 788 3153; x_wconf 78' lang='lat' dir='ltr'><strong>ideae</strong></span> <span class='ocrx_word' id='word_1_273' title='bbox 804 3136 823 3168; x_wconf 83' lang='lat'><strong>,</strong></span> <span class='ocrx_word' id='word_1_274' title='bbox 842 3116 995 3166; x_wconf 82' lang='lat' dir='ltr'><strong>quam</strong></span> <span class='ocrx_word' id='word_1_275' title='bbox 1016 3102 1293 3167; x_wconf 79' lang='lat' dir='ltr'><strong>ingenitam</strong></span> <span class='ocrx_word' id='word_1_276' title='bbox 1313 3098 1537 3162; x_wconf 78' lang='lat' dir='ltr'><strong>assumit,</strong></span> <span class='ocrx_word' id='word_1_277' title='bbox 1559 3098 1853 3161; x_wconf 79' lang='lat' dir='ltr'><strong>objectivam</strong></span> <span class='ocrx_word' id='word_1_278' title='bbox 1875 3100 2154 3188; x_wconf 79' lang='lat' dir='ltr'><strong>realitutcm</strong></span> <span class='ocrx_word' id='word_1_279' title='bbox 2176 3115 2297 3164; x_wconf 82' lang='lat' dir='ltr'><strong>pro-</strong></span> 
     </span>
    </p>

    <p class='ocr_par' dir='ltr' id='par_1_8' title="bbox 270 3251 2373 4034">
     <span class='ocr_line' id='line_1_29' title="bbox 331 3251 2308 3320; baseline 0 -15"><span class='ocrx_word' id='word_1_280' title='bbox 331 3254 399 3320; x_wconf 83' lang='lat'><strong>(1)</strong></span> <span class='ocrx_word' id='word_1_281' title='bbox 432 3255 500 3307; x_wconf 83' lang='lat' dir='ltr'><strong>Ut</strong></span> <span class='ocrx_word' id='word_1_282' title='bbox 530 3255 616 3305; x_wconf 86' lang='lat' dir='ltr'><strong>hic</strong></span> <span class='ocrx_word' id='word_1_283' title='bbox 634 3251 812 3316; x_wconf 81' lang='lat' dir='ltr'><strong>praevie</strong></span> <span class='ocrx_word' id='word_1_284' title='bbox 844 3253 982 3304; x_wconf 90' lang='lat' dir='ltr'><strong>notio</strong></span> <span class='ocrx_word' id='word_1_285' title='bbox 1017 3256 1249 3304; x_wconf 80' lang='lat' dir='ltr'><strong>accurate</strong></span> <span class='ocrx_word' id='word_1_286' title='bbox 1284 3253 1569 3304; x_wconf 82' lang='lat' dir='ltr'><strong>habeatur</strong></span> <span class='ocrx_word' id='word_1_287' title='bbox 1546 3283 1567 3315; x_wconf 82' lang='lat'>‚</span> <span class='ocrx_word' id='word_1_288' title='bbox 1605 3251 1727 3315; x_wconf 85' lang='lat' dir='ltr'><strong>quid</strong></span> <span class='ocrx_word' id='word_1_289' title='bbox 1762 3266 1852 3317; x_wconf 89' lang='lat' dir='ltr'><strong>per</strong></span> <span class='ocrx_word' id='word_1_290' title='bbox 1882 3254 2050 3306; x_wconf 77' lang='lat' dir='ltr'><strong>ideam</strong></span> <span class='ocrx_word' id='word_1_291' title='bbox 2077 3254 2162 3309; x_wconf 71' lang='lat' dir='ltr'><strong>reio·</strong></span> <span class='ocrx_word' id='word_1_292' title='bbox 2196 3269 2308 3306; x_wconf 74' lang='lat' dir='ltr'><strong>esse</strong></span> 
     </span>
     <span class='ocr_line' id='line_1_30' title="bbox 273 3323 2302 3392; baseline 0.001 -17"><span class='ocrx_word' id='word_1_293' title='bbox 273 3326 568 3392; x_wconf 73' lang='lat' dir='ltr'><strong>simpliciter</strong></span> <span class='ocrx_word' id='word_1_294' title='bbox 601 3323 893 3388; x_wconf 78' lang='lat' dir='ltr'><strong>intelligam,</strong></span> <span class='ocrx_word' id='word_1_295' title='bbox 926 3325 1301 3389; x_wconf 79' lang='lat' dir='ltr'><strong>animadverto,</strong></span> <span class='ocrx_word' id='word_1_296' title='bbox 1333 3324 1502 3375; x_wconf 80' lang='lat' dir='ltr'><strong>ideam</strong></span> <span class='ocrx_word' id='word_1_297' title='bbox 1544 3325 1625 3378; x_wconf 67' lang='grc' dir='ltr'><strong>τοῦ</strong></span> <span class='ocrx_word' id='word_1_298' title='bbox 1644 3338 1749 3375; x_wconf 79' lang='lat' dir='ltr'><strong>esse</strong></span> <span class='ocrx_word' id='word_1_299' title='bbox 1788 3327 2086 3391; x_wconf 74' lang='lat' dir='ltr'><strong>simplicitet·</strong></span> <span class='ocrx_word' id='word_1_300' title='bbox 2125 3329 2302 3379; x_wconf 86' lang='lat' dir='ltr'><strong>nulla-</strong></span> 
     </span>
     <span class='ocr_line' id='line_1_31' title="bbox 276 3361 2299 3463; baseline 0 -14"><span class='ocrx_word' id='word_1_301' title='bbox 276 3403 409 3453; x_wconf 84' lang='lat' dir='ltr'><strong>tenus</strong></span> <span class='ocrx_word' id='word_1_302' title='bbox 432 3413 542 3450; x_wconf 79' lang='lat' dir='ltr'><strong>esse</strong></span> <span class='ocrx_word' id='word_1_303' title='bbox 569 3398 732 3449; x_wconf 75' lang='lat' dir='ltr'><strong>ideam</strong></span> <span class='ocrx_word' id='word_1_304' title='bbox 750 3417 830 3451; x_wconf 71' lang='lat' dir='ltr'><strong>rev</strong></span> <span class='ocrx_word' id='word_1_305' title='bbox 845 3411 949 3447; x_wconf 75' lang='lat' dir='ltr'><strong>esse</strong></span> <span class='ocrx_word' id='word_1_306' title='bbox 971 3398 1186 3463; x_wconf 74' lang='lat' dir='ltr'><strong>qenerici</strong></span> <span class='ocrx_word' id='word_1_307' title='bbox 1220 3361 1307 3447; x_wconf 62' lang='lat' dir='ltr'><strong>au&#39;t</strong></span> <span class='ocrx_word' id='word_1_308' title='bbox 1334 3398 1531 3463; x_wconf 73' lang='lat' dir='ltr'><strong>qeneris</strong></span> <span class='ocrx_word' id='word_1_309' title='bbox 1550 3396 1806 3462; x_wconf 80' lang='lat' dir='ltr'><strong>supremi,</strong></span> <span class='ocrx_word' id='word_1_310' title='bbox 1846 3399 1932 3448; x_wconf 89' lang='lat' dir='ltr'><strong>sed</strong></span> <span class='ocrx_word' id='word_1_311' title='bbox 1967 3411 2078 3449; x_wconf 85' lang='lat' dir='ltr'><strong>esse</strong></span> <span class='ocrx_word' id='word_1_312' title='bbox 2114 3397 2299 3449; x_wconf 77' lang='lat' dir='ltr'><strong>ideam</strong></span> 
     </span>
     <span class='ocr_line' id='line_1_32' title="bbox 276 3466 2303 3553; baseline 0.003 -36"><span class='ocrx_word' id='word_1_313' title='bbox 276 3472 396 3520; x_wconf 76' lang='lat' dir='ltr'><strong>eneis</strong></span> <span class='ocrx_word' id='word_1_314' title='bbox 407 3470 645 3533; x_wconf 75' lang='lat' dir='ltr'><strong>absoluti,</strong></span> <span class='ocrx_word' id='word_1_315' title='bbox 668 3471 749 3522; x_wconf 89' lang='lat' dir='ltr'><strong>cui</strong></span> <span class='ocrx_word' id='word_1_316' title='bbox 768 3481 872 3521; x_wconf 87' lang='lat' dir='ltr'><strong>esse</strong></span> <span class='ocrx_word' id='word_1_317' title='bbox 892 3468 1218 3535; x_wconf 73' lang='lat' dir='ltr'><strong>simpliciter,</strong></span> <span class='ocrx_word' id='word_1_318' title='bbox 1240 3470 1349 3519; x_wconf 78' lang='lat' dir='ltr'><strong>sine</strong></span> <span class='ocrx_word' id='word_1_319' title='bbox 1366 3468 1475 3520; x_wconf 70' lang='lat' dir='ltr'><strong>ulla</strong></span> <span class='ocrx_word' id='word_1_320' title='bbox 1496 3466 1921 3534; x_wconf 70' lang='lat' dir='ltr'><strong>modificabilitate</strong></span> <span class='ocrx_word' id='word_1_321' title='bbox 1940 3470 2165 3553; x_wconf 85' lang='lat' dir='ltr'><strong>adeoque</strong></span> <span class='ocrx_word' id='word_1_322' title='bbox 2191 3470 2303 3524; x_wconf 78' lang='lat' dir='ltr'><strong>aine</strong></span> 
     </span>
     <span class='ocr_line' id='line_1_33' title="bbox 271 3533 2301 3605; baseline 0.001 -15"><span class='ocrx_word' id='word_1_323' title='bbox 271 3533 375 3592; x_wconf 60' lang='lat' dir='ltr'><strong>till&amp;</strong></span> <span class='ocrx_word' id='word_1_324' title='bbox 389 3541 701 3592; x_wconf 79' lang='lat' dir='ltr'><strong>restrictione</strong></span> <span class='ocrx_word' id='word_1_325' title='bbox 719 3543 831 3591; x_wconf 79' lang='lat' dir='ltr'><strong>actu</strong></span> <span class='ocrx_word' id='word_1_326' title='bbox 850 3543 1112 3602; x_wconf 81' lang='lat' dir='ltr'><strong>competat.</strong></span> <span class='ocrx_word' id='word_1_327' title='bbox 1148 3539 1259 3599; x_wconf 88' lang='lat' dir='ltr'><strong>Qua</strong></span> <span class='ocrx_word' id='word_1_328' title='bbox 1282 3539 1475 3590; x_wconf 83' lang='lat' dir='ltr'><strong>ratione</strong></span> <span class='ocrx_word' id='word_1_329' title='bbox 1500 3553 1620 3604; x_wconf 80' lang='lat' dir='ltr'><strong>ergo</strong></span> <span class='ocrx_word' id='word_1_330' title='bbox 1650 3543 1766 3589; x_wconf 72' lang='lat' dir='ltr'><strong>cum</strong></span> <span class='ocrx_word' id='word_1_331' title='bbox 1786 3553 1890 3589; x_wconf 81' lang='lat' dir='ltr'><strong>esse</strong></span> <span class='ocrx_word' id='word_1_332' title='bbox 1921 3541 2150 3605; x_wconf 72' lang='lat' dir='ltr'><strong>qenerico</strong></span> <span class='ocrx_word' id='word_1_333' title='bbox 2172 3557 2301 3593; x_wconf 87' lang='lat' dir='ltr'><strong>con-</strong></span> 
     </span>
     <span class='ocr_line' id='line_1_34' title="bbox 274 3610 2303 3676; baseline 0.001 -15"><span class='ocrx_word' id='word_1_334' title='bbox 274 3612 412 3662; x_wconf 80' lang='lat' dir='ltr'><strong>fundi</strong></span> <span class='ocrx_word' id='word_1_335' title='bbox 432 3616 611 3676; x_wconf 84' lang='lat' dir='ltr'><strong>potest,</strong></span> <span class='ocrx_word' id='word_1_336' title='bbox 628 3626 741 3662; x_wconf 90' lang='lat' dir='ltr'><strong>cum</strong></span> <span class='ocrx_word' id='word_1_337' title='bbox 757 3615 852 3663; x_wconf 86' lang='lat' dir='ltr'><strong>hoc</strong></span> <span class='ocrx_word' id='word_1_338' title='bbox 869 3616 919 3662; x_wconf 84' lang='lat' dir='ltr'><strong>et</strong></span> <span class='ocrx_word' id='word_1_339' title='bbox 943 3610 1271 3675; x_wconf 80' lang='lat' dir='ltr'><strong>modificabile</strong></span> <span class='ocrx_word' id='word_1_340' title='bbox 1290 3624 1379 3661; x_wconf 88' lang='lat' dir='ltr'><strong>seu</strong></span> <span class='ocrx_word' id='word_1_341' title='bbox 1398 3626 1488 3675; x_wconf 84' lang='lat' dir='ltr'><strong>per</strong></span> <span class='ocrx_word' id='word_1_342' title='bbox 1502 3625 1615 3662; x_wconf 79' lang='lat' dir='ltr'><strong>sues</strong></span> <span class='ocrx_word' id='word_1_343' title='bbox 1642 3610 1944 3661; x_wconf 76' lang='lat' dir='ltr'><strong>differentias</strong></span> <span class='ocrx_word' id='word_1_344' title='bbox 1964 3610 2303 3672; x_wconf 81' lang='lat' dir='ltr'><strong>specificabile</strong></span> 
     </span>
     <span class='ocr_line' id='line_1_35' title="bbox 273 3664 2373 3747; baseline -0.001 -14"><span class='ocrx_word' id='word_1_345' title='bbox 273 3681 353 3746; x_wconf 75' lang='lat' dir='ltr'><strong>sit,</strong></span> <span class='ocrx_word' id='word_1_346' title='bbox 372 3686 425 3733; x_wconf 82' lang='lat' dir='ltr'><strong>et</strong></span> <span class='ocrx_word' id='word_1_347' title='bbox 440 3695 548 3733; x_wconf 85' lang='grc' dir='ltr'><strong>ιιοιι</strong></span> <span class='ocrx_word' id='word_1_348' title='bbox 567 3686 678 3734; x_wconf 77' lang='lat' dir='ltr'><strong>actu</strong></span> <span class='ocrx_word' id='word_1_349' title='bbox 697 3683 871 3733; x_wconf 77' lang='lat' dir='ltr'><strong>existat</strong></span> <span class='ocrx_word' id='word_1_350' title='bbox 890 3696 978 3732; x_wconf 87' lang='lat' dir='ltr'><strong>seu</strong></span> <span class='ocrx_word' id='word_1_351' title='bbox 995 3694 1097 3731; x_wconf 89' lang='grc' dir='ltr'><strong>ιιοιι</strong></span> <span class='ocrx_word' id='word_1_352' title='bbox 1117 3682 1305 3733; x_wconf 86' lang='lat' dir='ltr'><strong>actuale</strong></span> <span class='ocrx_word' id='word_1_353' title='bbox 1327 3681 1529 3745; x_wconf 82' lang='lat' dir='ltr'><strong>aliquod</strong></span> <span class='ocrx_word' id='word_1_354' title='bbox 1558 3694 1661 3731; x_wconf 88' lang='lat' dir='ltr'><strong>esse</strong></span> <span class='ocrx_word' id='word_1_355' title='bbox 1682 3664 1943 3744; x_wconf 75' lang='lat' dir='ltr'><strong>propi-&#39;ium</strong></span> <span class='ocrx_word' id='word_1_356' title='bbox 1966 3680 2166 3746; x_wconf 85' lang='lat' dir='ltr'><strong>habeat,</strong></span> <span class='ocrx_word' id='word_1_357' title='bbox 2186 3683 2299 3747; x_wconf 88' lang='lat' dir='ltr'><strong>sed,</strong></span> <span class='ocrx_word' id='word_1_358' title='bbox 2367 3704 2373 3711; x_wconf 89' lang='lat'><em>·</em></span> 
     </span>
     <span class='ocr_line' id='line_1_36' title="bbox 273 3751 2305 3820; baseline -0.002 -13"><span class='ocrx_word' id='word_1_359' title='bbox 273 3758 326 3808; x_wconf 77' lang='lat' dir='ltr'><strong>in</strong></span> <span class='ocrx_word' id='word_1_360' title='bbox 341 3771 413 3818; x_wconf 78' lang='lat' dir='ltr'><strong>se,</strong></span> <span class='ocrx_word' id='word_1_361' title='bbox 428 3770 523 3807; x_wconf 84' lang='lat' dir='ltr'><strong>seu</strong></span> <span class='ocrx_word' id='word_1_362' title='bbox 544 3758 689 3818; x_wconf 87' lang='lat' dir='ltr'><strong>prout</strong></span> <span class='ocrx_word' id='word_1_363' title='bbox 706 3753 977 3805; x_wconf 75' lang='lat' dir='ltr'><strong>formaliter</strong></span> <span class='ocrx_word' id='word_1_364' title='bbox 1003 3753 1293 3818; x_wconf 87' lang='lat' dir='ltr'><strong>concipitur,</strong></span> <span class='ocrx_word' id='word_1_365' title='bbox 1316 3768 1368 3805; x_wconf 77' lang='lat' dir='ltr'><strong>m</strong></span> <span class='ocrx_word' id='word_1_366' title='bbox 1354 3753 1424 3804; x_wconf 75' lang='lat'><strong>112</strong></span> <span class='ocrx_word' id='word_1_367' title='bbox 1426 3753 1466 3816; x_wconf 83' lang='lat' dir='ltr'><strong>I,</strong></span> <span class='ocrx_word' id='word_1_368' title='bbox 1485 3753 1648 3804; x_wconf 87' lang='lat' dir='ltr'><strong>solum</strong></span> <span class='ocrx_word' id='word_1_369' title='bbox 1669 3764 1759 3815; x_wconf 84' lang='lat' dir='ltr'><strong>per</strong></span> <span class='ocrx_word' id='word_1_370' title='bbox 1786 3751 1994 3801; x_wconf 88' lang='lat' dir='ltr'><strong>modum</strong></span> <span class='ocrx_word' id='word_1_371' title='bbox 2016 3765 2124 3804; x_wconf 81' lang='lat' dir='ltr'><strong>esse</strong></span> <span class='ocrx_word' id='word_1_372' title='bbox 2156 3753 2305 3820; x_wconf 84' lang='lat' dir='ltr'><strong>logici</strong></span> 
     </span>
     <span class='ocr_line' id='line_1_37' title="bbox 273 3824 2299 3889; baseline -0 -12"><span class='ocrx_word' id='word_1_373' title='bbox 273 3829 450 3880; x_wconf 77' lang='lat' dir='ltr'><strong>existat</strong></span> <span class='ocrx_word' id='word_1_374' title='bbox 468 3828 527 3880; x_wconf 76' lang='lat' dir='ltr'><strong>z&#39;n</strong></span> <span class='ocrx_word' id='word_1_375' title='bbox 543 3824 843 3888; x_wconf 72' lang='lat' dir='ltr'><strong>individuis,</strong></span> <span class='ocrx_word' id='word_1_376' title='bbox 863 3824 1066 3889; x_wconf 81' lang='lat' dir='ltr'><strong>ejusque</strong></span> <span class='ocrx_word' id='word_1_377' title='bbox 1090 3827 1225 3877; x_wconf 88' lang='lat' dir='ltr'><strong>notio</strong></span> <span class='ocrx_word' id='word_1_378' title='bbox 1243 3826 1306 3877; x_wconf 79' lang='lat' dir='ltr'><strong>ed</strong></span> <span class='ocrx_word' id='word_1_379' title='bbox 1329 3826 1677 3877; x_wconf 79' lang='lat' dir='ltr'><strong>formationem</strong></span> <span class='ocrx_word' id='word_1_380' title='bbox 1698 3830 2025 3888; x_wconf 84' lang='lat' dir='ltr'><strong>conceptuum</strong></span> <span class='ocrx_word' id='word_1_381' title='bbox 2049 3825 2172 3875; x_wconf 88' lang='lat' dir='ltr'><strong>adeo</strong></span> <span class='ocrx_word' id='word_1_382' title='bbox 2194 3839 2299 3876; x_wconf 84' lang='grc' dir='ltr'><strong>ιιοιι</strong></span> 
     </span>
     <span class='ocr_line' id='line_1_38' title="bbox 270 3896 2304 3973; baseline -0.003 -22"><span class='ocrx_word' id='word_1_383' title='bbox 270 3900 658 3965; x_wconf 72' lang='lat' dir='ltr'><strong>prm-equitatur</strong></span> <span class='ocrx_word' id='word_1_384' title='bbox 668 3933 688 3964; x_wconf 91' lang='lat'><strong>,</strong></span> <span class='ocrx_word' id='word_1_385' title='bbox 709 3900 768 3948; x_wconf 89' lang='grc' dir='ltr'><strong>ιιι</strong></span> <span class='ocrx_word' id='word_1_386' title='bbox 782 3899 952 3948; x_wconf 84' lang='lat' dir='ltr'><strong>eontra</strong></span> <span class='ocrx_word' id='word_1_387' title='bbox 969 3897 1092 3948; x_wconf 70' lang='lat' dir='ltr'><strong>ideae</strong></span> <span class='ocrx_word' id='word_1_388' title='bbox 1107 3900 1353 3955; x_wconf 79' lang='lat' dir='ltr'><strong>sensuales</strong></span> <span class='ocrx_word' id='word_1_389' title='bbox 1356 3897 1789 3973; x_wconf 65' lang='lat' dir='ltr'><strong>nraerequisaptur</strong></span> <span class='ocrx_word' id='word_1_390' title='bbox 1802 3926 1828 3963; x_wconf 58' lang='grc' dir='ltr'><strong><em>φ</em></strong></span> <span class='ocrx_word' id='word_1_391' title='bbox 1851 3909 1914 3949; x_wconf 84' lang='lat' dir='ltr'><strong>ex</strong></span> <span class='ocrx_word' id='word_1_392' title='bbox 1934 3896 2152 3961; x_wconf 78' lang='lat' dir='ltr'><strong>quibus</strong></span> <span class='ocrx_word' id='word_1_393' title='bbox 2137 3896 2304 3960; x_wconf 55' lang='lat' dir='ltr'><strong>ipsius</strong></span> 
     </span>
     <span class='ocr_line' id='line_1_39' title="bbox 272 3969 1265 4034; baseline -0.003 -13"><span class='ocrx_word' id='word_1_394' title='bbox 272 3972 404 4021; x_wconf 87' lang='lat' dir='ltr'><strong>notio</strong></span> <span class='ocrx_word' id='word_1_395' title='bbox 425 3985 520 4034; x_wconf 84' lang='lat' dir='ltr'><strong>per</strong></span> <span class='ocrx_word' id='word_1_396' title='bbox 540 3969 915 4026; x_wconf 74' lang='lat' dir='ltr'><strong>abstractionem</strong></span> <span class='ocrx_word' id='word_1_397' title='bbox 940 3969 1265 4032; x_wconf 67' lang='lat' dir='ltr'><strong>acquiratur?</strong></span> 
     </span>
    </p>
   </div>
  </div>
 </body>
</html>
