2988 4832
1517 475 1649 546 220

589 599 832 670 abierit.
886 597 1051 670 Huic
1109 621 1176 670 se
1217 621 1542 726 opponens
1591 601 1862 673 Kantius
1906 570 2010 674 ita
2040 592 2485 697 empirism'um
2508 598 2609 672 et

591 710 1011 833 pullulantem
1043 709 1189 779 inde
1215 674 1739 780 materialismum
1758 713 2092 796 refutavit,
2149 717 2221 780 ut
2244 733 2379 781 non
2413 704 2608 779 modo

589 818 718 906 ipse
748 818 1213 908 scepticismum
1237 840 1370 886 non
1393 819 1693 897 evitaret,
1730 818 1839 887 sed
1867 826 1939 887 ut
1959 820 2152 889 simul
2179 804 2406 888 ansam
2432 839 2607 909 prae-

562 925 764 993 'beret
785 978 802 1002 ‚
831 927 992 994 utin
1015 926 1287 994 alterum
1315 930 1672 994 extremum
1698 977 1715 1002 ,
1746 926 1794 994 i.
1816 948 1877 994 e.
1904 927 1975 995 in
1995 925 2396 996 idealismum
2418 923 2609 993 abso-

587 1032 798 1101 lutum
819 1083 838 1112 ‚
870 1032 1291 1124 subjectivum
1329 1032 1436 1102 vel
1472 1033 1859 1125 objectivum
1884 1084 1904 1113 ,
1968 1024 2466 1103 autotheismum·
2502 1033 2604 1101 vel

556 1194 563 1200 .
587 1139 1066 1229 pantheismum
1080 1141 1350 1211 idealem
1370 1142 1701 1211 turmatim
1720 1141 2022 1211 abiretur.
2046 1139 2211 1210 Cum
2230 1141 2407 1210 enim
2430 1139 2601 1209 Kan-

588 1247 712 1317 tius
751 1270 828 1316 ex
857 1248 994 1317 una
1022 1256 1200 1340 parte
1228 1248 1596 1341 probasset,
1654 1251 1942 1319 notiones
1992 1254 2237 1318 nostras
2268 1255 2605 1319 transcen-

588 1353 868 1423 dentales
894 1361 959 1424 et
978 1357 1358 1426 necessarIas
1375 1357 1460 1425 ab
1487 1356 1732 1447 objecto
1755 1376 1869 1424 seu
1896 1355 1981 1425 ab
2015 1353 2401 1447 experientia
2423 1356 2628 1425 nobis·

586 1460 884 1531 advenire
918 1484 1053 1534 non
1080 1485 1259 1555 posse
1278 1514 1299 1544 ,
1333 1487 1410 1533 cx
1438 1465 1638 1533 alterii
1665 1470 1883 1533 autem
1912 1467 2090 1556 parte
2134 1463 2437 1543 doceret,
2482 1486 2604 1533 no·-

588 1569 788 1639 tiones
810 1570 957 1640 istas
983 1592 1115 1640 esse
1144 1573 1381 1643 formas
1403 1574 1605 1642 menti
1630 1574 1922 1661 nostroeja
1941 1568 2153 1662 priori
2176 1570 2563 1650 inhaerentes
2582 1624 2600 1651 ‚

586 1699 664 1745 ex
689 1677 918 1767 quibus
937 1730 956 1758 ,
997 1699 1150 1747 cum
1179 1680 1334 1772 ipsae·
1355 1681 1664 1772 objective
1690 1668 1892 1750 reales
1918 1677 2178 1774 probari
2226 1668 2600 1768 nequeant,

570 1786 778 1855 etiam
836 1787 999 1857 nihil
1048 1786 1222 1857 aliud
1273 1788 1577 1879 objectiva
1620 1787 1794 1858 reale
1842 1784 2141 1877 cognosci
2195 1784 2304 1854 vel
2349 1785 2607 1877 probari

578 1895 798 1984 'possit3
823 1895 1081 1985 quaestio
1114 1894 1226 1963 illa
1252 1916 1492 1985 magna
1522 1900 1658 1963 orta
1695 1899 1789 1963 est
1820 1919 1836 1962 :
1875 1895 2162 1982 quamdo
2205 1915 2248 1959 a
2288 1895 2606 1981 subjectiva

587 2003 853 2069 transiri
885 2004 1077 2092 possit
1098 2004 1184 2071 ad
1214 2003 1567 2091 objectivum
1589 2053 1606 2081 ,
1640 2004 1687 2071 i.
1720 2023 1783 2071 e.
1815 2000 2136 2090 quomodo
2162 2000 2491 2090 scientifice
2524 1999 2609 2069 ab

572 2108 728 2178 idea
746 2108 1092 2200 subjectiva
1112 2110 1424 2203 possimus
1446 2109 1779 2200 pervenire
1797 2107 1881 2176 ad
1902 2112 2074 2176 certo
2094 2108 2608 2199 cognoscendam

587 2216 962 2307 objectivam
982 2269 1003 2298 ,
1032 2219 1374 2288 notionum
1399 2218 1593 2286 etiam
1618 2214 2273 2285 transcendentalium
2297 2221 2361 2284 et
2384 2236 2610 2285 neces-

586 2326 897 2395 sariarum
917 2377 936 2404 ,
971 2326 1344 2395 realitatem.
1395 2323 1492 2393 Ex
1521 2325 1651 2416 qua
1674 2322 2019 2415 quaestione
2052 2321 2223 2391 male
2252 2342 2367 2390 seu
2397 2321 2613 2412 potius

588 2435 951 2504 nullatenus
979 2435 1184 2505 soluta
1210 2487 1227 2514 ‚
1291 2456 1446 2503 cum
1475 2434 1690 2503 omnis
1717 2452 2016 2522 perversa
2046 2428 2360 2498 moderna
2392 2428 2609 2519 philo-

578 2535 808 2632 sophia
828 2549 1042 2612 ortum
1063 2542 1348 2623 duxerit,
1375 2564 1585 2635 operae
1616 2540 1895 2631 pretium
1916 2543 2049 2606 erat
2074 2588 2095 2615 ,
2135 2536 2313 2605 illius
2337 2536 2613 2608 solutio-

589 2668 740 2717 nem
771 2648 1115 2740 etquidem
1141 2650 1211 2717 in
1231 2671 1422 2719 sensu
1441 2646 1949 2719 adversariorum
1969 2650 2242 2715 tentare.
2287 2641 2427 2724 Qua
2446 2644 2515 2712 in
2534 2667 2613 2714 re

588 2752 762 2822 hanc
789 2754 961 2822 viam
990 2755 1186 2824 sc'cuti
1210 2776 1459 2824 sumus·

676 2944 758 3012 A.
798 2941 1065 3012 Kantius
1114 2944 1423 3023 admittit,
1465 2949 1533 3013 et
1571 2966 1726 3015 vcro
1777 2967 1931 3014 cum
1972 2945 2108 3037 ipso
2160 2956 2437 3025 omnesJ
2483 2945 2616 3017 nisi

588 3052 776 3143 plane
804 3053 1057 3142 sceptici
1095 3043 1228 3121 esse
1257 3059 1319 3121 et
1356 3052 1924 3145 impossibilitatem
1955 3054 2166 3123 omnis
2201 3056 2394 3123 etiam
2425 3076 2611 3123 mere

589 3159 944 3249 subjectivae
961 3159 1234 3229 scientiae
1262 3160 1661 3252 proclamare
1682 3161 1926 3242 velint,
1958 3161 2287 3230 admittere
2323 3161 2555 3229 debent
2575 3187 2606 3231 z

511 3357 519 3364 η
579 3268 826 3356 judicia
840 3269 1154 3356 analytica
1173 3319 1191 3347 ‚
1219 3266 1265 3336 i.
1293 3290 1353 3336 e.
1382 3319 1399 3347 ,
1427 3290 1503 3337 ea
1526 3319 1546 3348 ,
1575 3292 1719 3360 quae
1740 3270 1810 3337 in
1832 3269 1977 3337 idea
2001 3267 2266 3360 subjecti
2290 3269 2617 3339 inclusam

572 3373 827 3457 ‚habent
853 3374 1063 3443 ideam
1103 3374 1425 3466 praedicati
1451 3428 1468 3456 ,
1510 3397 1643 3470 esse
1675 3377 2024 3446 necessarIo
2067 3377 2384 3464 subjective
2428 3375 2610 3448 verm
2689 3363 2699 3374 ’

587 3479 759 3572 Ergo
778 3484 829 3551 si
849 3483 1062 3574 aliqua
1078 3484 1425 3575 reperiatur
1442 3484 1581 3552 idea
1602 3486 1938 3573 analytica,
1964 3506 2111 3574 quae
2125 3522 2172 3536 -
2187 3484 2248 3575 a)
2272 3507 2396 3551 non
2411 3488 2616 3573 possit

588 3610 705 3654 esse
725 3590 1036 3677 subjective
1054 3615 1228 3671 vera,
1254 3594 1402 3681 quin
1428 3592 1781 3686 objectivam
1810 3593 2149 3660 realitate'm
2166 3591 2378 3660 habeat
2403 3643 2421 3671 ‚
2467 3598 2530 3659 et
2551 3593 2618 3663 si

585 3696 732 3787 -b)
764 3696 902 3767 haec
931 3699 1071 3769 idea
1106 3699 1298 3769 simul
1326 3722 1399 3769 ea
1429 3698 1508 3768 sit
1528 3751 1547 3780 ‚
1598 3721 1743 3791 quae
1770 3701 1962 3791 possit
1992 3721 2125 3769 esse
2155 3706 2220 3769 et
2249 3722 2328 3769 ex
2346 3700 2605 3789 analysi

582 3804 1024 3900 ‘cognitionum
1040 3807 1342 3899 probetur
1358 3828 1730 3878 essenorma
1747 3816 1943 3879 omnis
1962 3808 2328 3900 coquitionis
2351 3822 2410 3878 et
2420 3810 2616 3901 prin-
