2988 4832
1574 464 1663 536 24

612 582 768 653 hinc
797 582 1037 653 factum
1059 588 1151 653 est
1170 565 1232 653 et
1253 581 1366 663 fit.
1404 588 1476 652 ut
1504 583 1664 654 ratio
1692 583 2024 666 humana,
2065 580 2148 654 ad
2175 575 2485 654 unitatem
2514 584 2620 654 in-

607 693 885 782 tuitionis
926 694 1230 763 continuo
1272 693 1606 773 eluctans,
1667 693 1737 762 in
1786 693 2264 785 pantheismum
2313 699 2622 803 tanquam

607 801 937 892 proprium
966 822 1157 870 suum
1185 822 1343 892 opus
1370 806 1435 869 et
1466 806 1742 890 systema
1782 805 1919 870 tam
1965 800 2148 869 facile
2175 821 2427 891 semper
2459 821 2622 890 pro—

606 904 777 996 lapsa
796 908 874 974 sit
902 913 969 975 et
1004 909 1359 977 etiamnum
1385 906 1797 999 prolabatur,
1849 906 2368 998 quandocunque
2409 908 2620 976 ideam

605 1017 934 1084 creationis
957 1017 1062 1085 vel
1088 1017 1311 1109 adepta
1341 1039 1474 1086 non
1502 1022 1638 1095 est,
1676 1016 1783 1085 vel
1809 1037 1957 1084 eam
1994 1015 2196 1083 semel
2224 1015 2510 1099 habitam
2539 1037 2617 1082 ex

604 1128 819 1191 mente
843 1145 1063 1192 rursus
1084 1124 1350 1214 seponit.
1383 1122 1707 1194 Modernis
1725 1129 1893 1192 certe
1918 1122 2313 1213 temporibus
2345 1127 2617 1211 systema

601 1229 727 1298 hoc
753 1230 883 1299 fere
904 1233 1093 1317 unice
1116 1233 1329 1326 viget,
1367 1237 1432 1301 et
1459 1238 1553 1300 est
1575 1254 1753 1300 error
1781 1231 1980 1300 nostri
2008 1229 2209 1299 seculi
2241 1235 2417 1297 tanto
2445 1231 2617 1321 peri-

604 1336 877 1406 culosior
896 1390 915 1418 .
948 1345 1187 1429 quanto
1221 1340 1427 1430 magis
1472 1339 1797 1408 recondite
1840 1340 2032 1429 serpit
2059 1389 2076 1415 ,
2133 1341 2198 1404 et
2245 1336 2403 1404 forte
2450 1359 2615 1426 saepe

601 1444 812 1513 insciis
840 1449 903 1514 et
927 1447 1090 1514 nihil
1116 1447 1240 1515 tale
1274 1447 1679 1538 opinantibus
1698 1498 1717 1527 ,
1751 1452 1919 1515 certe
1945 1452 2018 1514 ut
2061 1446 2423 1537 plurimum
2446 1444 2616 1512 dim-„-

540 1600 550 1614 .
600 1553 878 1621 tentibus
903 1555 1284 1633 auctoribus,
1305 1555 1374 1623 in
1395 1555 1614 1623 omnia
1629 1556 1914 1650 ferexnon
1931 1554 2360 1644 philosophica
2377 1552 2608 1630 solum,

600 1658 711 1727 sed
747 1661 937 1729 etiam
973 1661 1281 1731 historica
1316 1667 1378 1730 et
1414 1662 1715 1732 litteraria
1743 1712 1762 1741 ,
1825 1661 1984 1751 quin
2028 1663 2163 1729 imo
2206 1664 2276 1729 in
2323 1660 2615 1750 religiosa

601 1770 792 1838 etiam
817 1791 1006 1861 opera
1032 1791 1164 1838 sese
1194 1769 1496 1838 ins1nuat.
1554 1767 1773 1860 Itaque
1816 1766 1999 1843 brevi
2048 1772 2186 1859 ejus
2233 1769 2614 1860 expositione

600 1876 893 1945 historica
915 1862 1237 2002 praemissa
1271 1875 1339 1947 id
1387 1876 1574 1945 nobis
1622 1874 2040 1968 satagendum
2068 1883 2160 1945 est
2175 1927 2195 1957 ,
2241 1883 2317 1946 ut
2344 1882 2616 1968 systema
2668 1903 2680 1916 ·

601 1990 734 2107 tam
743 1985 1183 2105 perniciosum
1217 1982 1503 2056 funditus
1546 1990 1864 2063 evertatur
1895 1984 2004 2075 (1).

690 2123 1136 2204 hammum,
1188 2145 1269 2193 ex
1323 2145 1482 2194 voce
1542 2123 1753 2215 graeca
1788 2141 1897 2197 πᾶν
1950 2124 2327 2192 universum
2383 2129 2447 2191 et
2488 2136 2613 2205 Θεός

599 2229 814 2311 DeuS‚
842 2229 1298 2311 dieunturiffi,
1320 2231 1434 2322 qui
1453 2232 1711 2309 omnia,
1744 2252 1888 2321 quae
1910 2236 2096 2309 sunt,
2131 2228 2346 2300 Deum
2383 2252 2515 2299 esse
2544 2235 2610 2297 et

599 2345 828 2431 praeter
874 2338 1086 2409 Deum
1134 2337 1297 2405 nihil
1337 2359 1487 2405 vere
1535 2359 1669 2406 esse
1710 2336 1965 2405 docent.
2022 2335 2409 2429 Proponitur
2456 2358 2622 2406 vero-

599 2446 1034 2536 pantheismus
1056 2445 1185 2514 sive
1225 2445 1333 2511 sub
1359 2447 1565 2530 formet
1595 2447 1993 2534 mythologica
2018 2498 2034 2530 ‚
2087 2446 2183 2513 uti
2232 2444 2401 2537 apud
2440 2447 2607 2514 anti-

599 2575 758 2642 quos
805 2555 1072 2645 populos
1097 2604 1114 2631 ‚
1150 2555 1305 2623 -sive
1349 2555 1458 2620 suh
1512 2555 1715 2640 forma
1755 2556 2091 2643 scientifica
2117 2604 2136 2632 ,
2197 2554 2291 2620 uti
2329 2552 2606 2623 maxime

598 2661 767 2751 apud
817 2661 1219 2730 recentiores·
1280 2660 1416 2731 Sub
1472 2663 1682 2731 forma
1741 2661 2172 2753 mythologie&
2229 2661 2606 2752 proponitur

597 2766 910 2860 proecipue
929 2790 1045 2859 per
1064 2769 1330 2837 modum
1358 2759 2183 2849 emanationistranseuntis,
2205 2772 2386 2858 juxta
2406 2791 2603 2860 quam

596 2875 859 2957 materia
886 2880 951 2956 et
976 2896 1081 2944 res
1100 2877 1423 2945 sensibiles
1451 2899 1675 2947 omnes
1702 2900 1779 2946 ex
1812 2877 2158 2946 substantia
2180 2875 2300 2946 Dei
2333 2899 2594 2968 proma-

597 2986 757 3049 nant
771 3034 791 3062 ,
832 2983 962 3050 fere
1006 2984 1169 3051 sicut
1205 2983 1365 3052 radii
1398 3006 1477 3053 ex
1526 2986 1657 3053 sole
1703 2985 2074 3055 evibrantur
2097 3036 2115 3062 ,
2165 2984 2270 3053 vel
2319 2985 2481 3052 sicut
2523 3006 2602 3051 ex

595 3090 828 3157 aranea
876 3090 1017 3178 telae
1051 3141 1073 3169 ,
1128 3112 1223 3161 -ex
1277 3091 1594 3182 bombyce
1646 3091 1974 3161 filamenta
2020 3089 2397 3182 procedunt.
2462 3088 2601 3158 Sub

596 3187 801 3270 'forma
823 3219 974 3266 vero
1002 3198 1342 3268 scientifica
1367 3199 1766 3291 potissimum
1794 3197 2171 3291 proponitur
2195 3219 2313 3288 per
2331 3196 2602 3266 modum

594 3308 994 3374 emanationis
1038 3308 1424 3373 immanentis
1471 3329 1587 3402 seu
1632 3307 1895 3376 actionis
1940 3303 2084 3374 Deo
2127 3305 2539 3376 immanentis
2573 3332 2592 3385 ς
2656 3339 2660 3348 ·

597 3414 724 3514 gua
750 3412 884 3503 ipsa
909 3412 1253 3484 substantia
1280 3412 1494 3483 divina
1519 3436 1596 3485 ex
1625 3413 1986 3483 necessitate
2034 3417 2281 3506 naturas
2330 3410 2451 3481 sub
2487 3410 2597 3482 di-

659 3614 729 3679 (1)
765 3614 943 3666 Omnia
959 3650 977 3678 ,
1007 3630 1117 3679 qum
1149 3616 1211 3665 ad
1241 3615 1613 3667 Pantheismnm
1640 3620 1691 3668 ct
1720 3616 1988 3679 praesertim
2008 3617 2069 3666 ad
2094 3616 2463 3668 Pantheismum
2486 3609 2593 3664 mo-'

596 3684 808 3736 demum
828 3691 1073 3751 spectant,
1101 3690 1295 3751 egregie
1330 3690 1546 3751 exposita
1576 3693 1629 3740 et
1653 3690 1909 3740 enucleata
1941 3688 2097 3739 videri
2127 3693 2328 3750 possunt
2348 3688 2477 3771 apud
2516 3686 2591 3736 Cl.

597 3755 823 3822 umgas,
861 3760 1178 3820 professorem
1215 3761 1378 3812 ordin.
1406 3760 1555 3810 Phila
1594 3760 1651 3811 in
1680 3758 1940 3814 universit.
1986 3761 2164 3812 cathol.
2212 3761 2310 3810 Lox
2314 3757 2500 3809 aniensi
2539 3758 2594 3807 in

594 3842 772 3891 opere
822 3831 952 3893 quod
987 3832 1267 3882 inscribitur
1307 3830 1575 3889 Theodt’ceoe
1621 3846 1707 3888 eeu
1745 3830 2013 3906 Tloeoloqioe
2055 3835 2203 3890 natm
2203 3833 2302 3887 ales
2339 3831 2590 3889 elementa

594 3899 727 3957 Part.
761 3901 846 3957 111.
879 3916 911 3959 ι
945 3905 1347 3971 pag.128--226‚
1727 3947 1730 3952 ,
