2988 4832
644 552 839 624 Unde
867 551 1106 642 5113)oe
1133 553 1190 645 b)
1222 572 1431 646 neque
1467 552 1655 624 datur
1685 555 2037 644 differentia
2074 553 2283 625 stricte
2309 522 2504 641 dicta.
2555 553 2665 625 sed

644 663 997 730 diversitas.
1032 661 1128 730 Ea
1161 662 1338 730 enim
1373 663 1554 753 juxta
1583 660 1660 730 S.·
1696 659 2019 730 Thomam
2051 663 2133 754 (1)
2169 664 2335 731 inter
2374 685 2440 730 se
2483 662 2663 753 diffe-

653 783 823 849 runt,
859 791 1003 861 quae
1030 771 1099 838 in
1129 770 1340 862 aliquo
1369 769 1785 848 conveniunt,
1819 767 1891 838 in
1915 767 2042 837 alio
2071 789 2207 838 non
2232 771 2661 854 conveniunt3
2727 823 2733 831 .

578 959 589 973 ἢ
650 898 727 946 ,εει
748 899 901 947 vero
927 880 1168 949 diversa
1195 883 1366 957 sunt,
1399 899 1547 970 quae
1573 877 1644 946 in
1672 874 1857 946 nullo
1888 877 2309 965 conveniunt.
2371 906 2374 909 ·

740 1034 897 1102 lust.
943 1034 1012 1102 2⁰
1056 1033 1229 1126 Ergo
1262 1032 1437 1103 Deus
1474 1055 1613 1104 non
1651 1039 1748 1104 est
1777 1033 1866 1112 id,
1921 1033 2096 1125 quod
2124 1040 2275 1103 sunt
2318 1040 2661 1118 creatmoe3

648 1163 805 1231 ergo
831 1142 1161 1232 perfectior
1196 1148 1385 1221 esset,
1435 1141 1492 1210 si
1525 1166 1645 1210 esse
1671 1147 2113 1212 creaturarum
2146 1140 2669 1231 superadderetur

647 1271 768 1314 esse
799 1250 1009 1314 divino
1044 1275 1060 1318 :
1099 1249 1274 1339 atqui
1316 1249 1443 1318 hoc
1486 1249 1613 1319 dici
1655 1250 1918 1342 nequit3
1965 1271 2121 1342 ergo
2155 1248 2498 1317 dicendum
2536 1257 2662 1328 est,

644 1377 772 1433 res,
824 1378 983 1445 quas
1021 1356 1292 1426 dicimus
1332 1363 1594 1439 creatae,
1652 1380 1788 1428 non
1833 1378 1969 1428 esse
2010 1357 2135 1427 nisi
2175 1356 2669 1427 modificationes

649 1459 882 1532 divinae
912 1462 1297 1534 substantiae.

735 1604 816 1673 R.
865 1608 938 1675 C.
974 1609 1150 1678 Illat.
1185 1610 1275 1680 N.
1313 1609 1494 1679 cons.
1541 1607 1711 1679 Nam
1750 1608 1821 1677 in
1850 1607 2043 1679 rebus
2071 1608 2295 1676 creatis
2323 1607 2451 1676 duo
2482 1628 2668 1699 spec-

646 1713 838 1796 tanda
866 1720 1059 1797 sunt3
1093 1718 1185 1796 id,
1228 1717 1298 1784 in
1338 1740 1464 1809 quo
1508 1718 1810 1786 deficiunt
1850 1716 1934 1784 ab
1975 1717 2231 1785 entitate
2270 1737 2385 1785 seu
2412 1736 2570 1794 esse,
2605 1720 2670 1781 et

646 1822 738 1899 id,
774 1821 946 1911 quod
972 1823 1141 1892 reale
1182 1830 1275 1891 est
1319 1825 1390 1895 in
1430 1825 1603 1915 ipsis,
1651 1823 1970 1901 Primum,
2024 1829 2243 1915 utpote
2289 1822 2568 1892 defectus
2609 1828 2672 1891 et

649 1946 979 2007 non-esse,
1015 1928 1151 1998 Deo
1191 1912 1386 1999 tribui
1415 1953 1550 2000 non
1584 1936 1829 2022 potest3
1877 1929 2049 2000 reale
2093 1935 2311 2000 autem
2340 1935 2671 2001 creatura-

644 2058 798 2106 rum
826 2042 920 2106 est
951 2038 1144 2108 etiam
1171 2038 1242 2106 in
1280 2036 1439 2118 Deo,
1487 2059 1625 2107 non
1671 2037 1933 2128 quidem
1976 2037 2094 2105 sub
2123 2037 2349 2106 eudem
2378 2039 2587 2107 forma
2611 2046 2672 2108 et

647 2143 1002 2224 finitudine,
1043 2144 1154 2214 sed
1193 2144 1389 2215 modo
1417 2145 1610 2237 plane
1644 2144 1891 2214 diverso
1932 2148 1997 2212 et
2040 2144 2373 2223 eminenti,
2411 2151 2484 2212 ut
2514 2147 2670 2214 adeo

527 2304 535 2314 .
645 2250 820 2321 Deus
867 2276 984 2345 per
1032 2251 1431 2322 additionem*
1468 2253 1706 2321 harum
1748 2252 2110 2321 realitatum
2154 2252 2488 2343 perfectior
2535 2274 2670 2321 non
2695 2278 2719 2310 t

643 2362 844 2431 fieret.
882 2361 1073 2442 Nam,
1109 2368 1191 2431 ut¹
1210 2368 1379 2433 recte
1409 2361 1700 2432 observat
1728 2358 1799 2430 S.
1831 2358 2155 2429 Thomas:
2183 2360 2258 2427 Si
2281 2361 2673 2449 participans

638 2470 904 2558 fadditur
946 2474 1023 2549 ei,
1067 2474 1224 2559 quod
1260 2484 1344 2537 est
1375 2493 1492 2559 per
1528 2472 1863 2547 essentiam,
1911 2470 2034 2533 tale
2070 2489 2195 2533 non
2229 2468 2385 2552 facit
2423 2469 2673 2556 aliquod

632 2578 871 2663 majus.
922 2574 1050 2655 Sic.
1096 2582 1170 2646 ut
1212 2579 1584 2669 imperfecta
1629 2576 2041 2647 similitudine
2077 2581 2362 2653 utamur,
2412 2574 2671 2642 scientia

647 2678 957 2772 discipuli,
994 2705 1191 2775 quam
1219 2707 1258 2752 a
1285 2686 1590 2775 magistro
1624 2683 1837 2763 habet,
1877 2683 2090 2753 addita
2117 2682 2393 2754 scientiae
2422 2683 2673 2773 magis-

644 2788 724 2854 tri
757 2810 889 2857 non
915 2789 1062 2859 facit
1085 2791 1462 2883 magistrum
1493 2791 1841 2860 doctiorem
1865 2790 2103 2885 (2).1ta
2125 2813 2165 2860 a
2183 2790 2326 2882 pari
2351 2813 2470 2856 esse
2499 2811 2672 2858 crea-

643 2900 824 2975 turae,
855 2898 1029 2987 quod
1052 2904 1145 2967 est
1165 2921 1204 2967 a
1224 2898 1383 2979 Deo,
1417 2899 1707 2969 additum
1734 2923 1853 2968 esse
1876 2901 2089 2966 divino
2120 2920 2254 2968 non
2283 2898 2431 2968 facit
2455 2895 2669 2969 Deum

630 3003 1107 3092 perfectiorem,
1144 3006 1278 3075 imo
1304 3011 1527 3076 contra
1554 3001 2111 3097 imperfectiorem.
2145 3006 2252 3075 Sic
2279 3012 2447 3076 certe
2475 3006 2673 3075 facul-

626 3111 740 3177 ‘1as
770 3112 1223 3193 ratiocinandi,
1255 3136 1368 3181 seu
1396 3114 1716 3182 mediante
1751 3114 2077 3183 ratiocinio
2115 3113 2199 3181 ad
2224 3120 2427 3182 certas
2454 3116 2672 3182 notio-—

643 3235 762 3283 nes
797 3240 1014 3286 rerum
1054 3220 1490 3311 perveniendi,
1534 3227 1627 3289 est
1658 3222 1958 3312 perfectio
1986 3222 2057 3289 in
2085 3220 2392 3302 homine3
2430 3226 2527 3290 ast
2553 3242 2672 3289 ea-

642 3320 797 3391 dem
827 3325 897 3393 in
933 3323 1069 3395 Deo
1099 3334 1259 3397 esset
1287 3330 1703 3422 imperfectio,
1752 3328 1905 3401 cum
1933 3334 2231 3421 argueret
2257 3328 2330 3400 in
2357 3350 2436 3399 eo
2470 3329 2670 3421 igno-

716 3552 787 3619 (1)
822 3554 964 3607 Cont.
988 3562 1123 3621 gent.
1147 3559 1257 3612 Lib.
1283 3564 1333 3612 1.
1355 3562 1474 3626 Cup.
1498 3566 1582 3615 17..

706 3629 777 3696 (2)
829 3634 925 3685 Vel
954 3638 1105 3689 etiam
1147 3642 1336 3704 lampas
1380 3643 1607 3706 fumosa,
1649 3644 1739 3693 etsi
1780 3644 1836 3693 in
1869 3645 2087 3697 tenebris
2124 3646 2299 3699 lumen
2332 3642 2629 3696 diffunderet
2647 3677 2667 3704 ‚

641 3701 791 3765 plena
833 3710 1000 3761 tamen
1039 3714 1248 3764 meridie
1284 3716 1458 3763 lumen
1496 3715 1616 3764 solis
1649 3719 1755 3765 toto
1790 3729 1879 3765 suo
1922 3718 2179 3779 splendore
2212 3716 2507 3768 coruscantis
2544 3714 2666 3766 adeo

587 3854 593 3858 ·
640 3784 995 3910 ffizxrffirelm
1038 3787 1095 3835 ut
1115 3785 1277 3852 potius
1307 3784 1584 3841 obfuscaret
1613 3799 1705 3855 per
1724 3787 1889 3854 ipsum
1922 3788 2117 3845 fumum
2137 3789 2202 3842 ab
2220 3787 2458 3853 lampadis
2476 3786 2699 3855 iumine,

907 3867 922 3901 1
944 3867 1042 3907 em·
