2988 4832
1607 510 1738 582 178

655 650 1065 724 quaecunque
1111 627 1193 701 de
1223 627 1385 700 <sede
1423 630 1664 699 animae
1704 628 2013 699 sententia
2039 631 2327 699 teneatur
2346 676 2368 707 ‚
2424 646 2677 719 semper

649 758 909 808 necem
950 741 1073 818 sit,
1120 740 1403 830 aliquam
1433 739 1508 804 in
1545 737 1765 805 anima
1796 737 2083 805 bumana
2107 788 2128 815 ,
2168 742 2244 806 ut
2284 737 2373 803 ita
2411 734 2623 805 dicam
2648 785 2667 810 .

569 851 613 909 V?
644 848 1195 914 imnoensieatulam
1237 845 1602 922 admittere.
1651 849 1727 912 ut
1766 844 1933 952 intra
1981 843 2061 915 de
2111 841 2532 916 immanitate
2553 840 2674 913 Dei

565 909 604 968 ἦ
657 955 912 1044 agendo
936 955 1223 1022 dicemus
1243 1004 1262 1033 .
1299 959 1585 1022 attamen

564 1088 609 1189 “ge
751 1086 1159 1158 Recentiores
1183 1086 1616 1155 communiter
1642 1084 1912 1164 docent,
1954 1086 2238 1155 animam
2265 1087 2577 1155 mesatica
2602 1088 2672 1157 in

570 1212 587 1239 ²·
654 1192 925 1269 'cerebro
952 1195 1215 1266 existere
1239 1193 1477 1275 fixam,
1458 1217 1476 1238 ·
1513 1192 1582 1264 id
1611 1192 1786 1285 quod
1813 1191 2390 1285 probabilissimum
2416 1211 2556 1266 esee
2580 1194 2675 1266 vi-

652 1304 876 1378 detur.
905 1300 1076 1375 Nam
2731 1318 2745 1333 ²

736 1428 838 1509 Ibi
882 1434 1386 1531 probabilissime
1427 1436 1648 1504 anima
1673 1433 1876 1504 existit
1912 1456 1991 1505 ex
2026 1384 2459 1527 propositione
2503 1454 2673 1525 prae-

582 1542 590 1581 ²
648 1548 947 1630 cedenti,
995 1547 1113 1618 ubi
1147 1547 1228 1639 1)
1266 1546 1653 1616 activitatem
1683 1566 1867 1615 suam
1913 1544 2276 1638 aptissime
2256 1565 2327 1613 m
2363 1541 2676 1617 membra

648 1653 932 1748 corporis
992 1676 1324 1734 exercere,
1376 1656 1439 1723 et
1489 1650 1579 1745 2)
1623 1649 1923 1724 facillime
1972 1652 2299 1724 admoneri
2350 1652 2542 1745 possit
2589 1651 2672 1722 de

650 1762 1173 1856 impressionibus
1219 1760 1616 1851 objectorum
1649 1766 2103 1854 externorum,
2150 1780 2339 1852 quae,
2383 1756 2450 1830 si
2498 1759 2671 1831 mala

647 1873 823 1952 sint,
874 1869 1110 1962 fugiat,
1155 1869 1211 1938 si
1254 1864 1467 1949 bona,
1515 1870 1767 1960 appetat
1798 1873 1864 1937 et
1885 1867 2153 1961 diligat:
2195 1868 2370 1962 atqui
2410 1873 2669 1938 utrum-

656 1999 789 2069 que
819 1975 1158 2048 residens
1138 1999 1210 2045 m
1260 1975 1523 2046 cerebro
1563 1976 1883 2068 aptissime
1931 1982 1996 2047 et
2045 1976 2340 2048 facillime
2370 1983 2672 2071 praestare

646 2090 874 2176 potest.
910 2083 1009 2153 Ex
1036 2083 1297 2155 cerebro
1328 2084 1507 2154 enim
1527 2135 1548 2165 ‚
1593 2084 1688 2153 uti
1709 2085 2151 2154 exAnatomia
2175 2090 2449 2164 constat.
2484 2082 2676 2156 nervi

652 2190 900 2263 omnes'
928 2212 1135 2285 usque
1177 2192 1261 2262 ad
1303 2197 1616 2261 extremas
1659 2191 1938 2284 eorporis
1968 2199 2177 2285 partes
2222 2192 2674 2263 diffunduntur
2805 2290 2810 2293 ¹

644 2313 769 2393 per
793 2300 1063 2372 modum
1092 2300 1594 2383 ramificationis3
1628 2306 1694 2371 et
1727 2301 1887 2370 sicut
1930 2301 2255 2370 funiculus
2280 2306 2498 2369 tensus
2528 2320 2674 2370 nnn

648 2413 851 2499 potest
880 2409 1104 2501 agitari
1128 2409 1200 2478 in
1241 2408 1439 2478 altera
1466 2407 1569 2478 sui
1597 2406 1985 2478 extremitate
2005 2458 2032 2489 f,
2079 2408 2243 2501 quin
2296 2407 2498 2479 81111111
2527 2408 2677 2504 agi-f

649 2521 818 2583 tetur
849 2522 913 2585 et
949 2516 1146 2585 altera
1191 2516 1549 2585 extremitas
1570 2567 1588 2594 ,
1633 2517 1720 2584 ita
1752 2511 1946 2585 nervi
1965 2537 2005 2600 a,
2032 2521 2274 2608 puncto
2326 2515 2670 2590 confluxus

609 2622 613 2650 ³
647 2639 850 2713 usque
874 2624 958 2691 ad
983 2625 1261 2733 corporis
1290 2625 1707 2693 extremitates
1737 2621 1929 2704 tensi,
1966 2624 2036 2692 in
2065 2624 2281 2716 aliqua
2310 2623 2408 2692 sui
2439 2629 2662 2716 parte,

647 2730 702 2799 si
748 2733 940 2802 modo
980 2755 1091 2801 coi·
1092 2754 1210 2824 pus
1251 2755 1482 2801 sanum
1521 2732 1599 2800 sit
1645 2736 1709 2800 et
1744 2729 1948 2801 libera
1989 2755 2343 2803 nervorum
2378 2735 2547 2802 inter
2597 2757 2674 2802 se

649 2842 1183 2920 communicatio,
1234 2841 1626 2910 commoveri
1652 2860 1786 2909 non
1819 2847 2121 2933 possunt,
2160 2841 2322 2933 quin
2360 2863 2674 2910 movean-

646 2957 755 3020 tur
792 2950 864 3018 in
908 2930 1209 3017 omnibus
1248 2947 1579 3040 partibus;
1622 2969 1776 3040 ergo
1820 2948 1876 3018 si
1924 2947 2168 3038 objecta
2217 2944 2289 3016 in
2344 2948 2677 3040 proximas

645 3062 853 3147 agunt
882 3076 1232 3126 nervorum
1263 3056 1717 3137 extremitates.
1751 3063 1963 3126 motus
1992 3056 2101 3125 ille
2129 3056 2435 3127 referetur
2457 3078 2677 3149 usque

645 3164 732 3233 ad
774 3163 1042 3234 alteram
1087 3163 1549 3232 extremitatem
1573 3213 1592 3242 .
1635 3165 1682 3234 i.
1716 3186 1777 3234 e.
1825 3163 1909 3233 ad
1947 3162 2349 3234 cerebrum
2330 3187 2673 3256 ipsamque

645 3269 934 3368 animam
962 3323 981 3351 ‚
1032 3276 1098 3342 et
1120 3269 1399 3341 vicissim
1441 3273 1666 3343 anima
1685 3273 1756 3341 in
1784 3278 2023 3365 puncto
2054 3268 2388 3344 confluxus
2417 3274 2674 3343 consis-

646 3385 835 3461 tens,
887 3380 943 3450 si
995 3373 1347 3448 nervorum
1407 3380 1828 3449 extremitates
1886 3379 2004 3448 sibi
2050 3381 2380 3471 contiguas
2427 3403 2673 3450 move-

620 3488 772 3567 rit,
818 3486 1100 3558 movebit
1138 3509 1392 3580 quoque
1434 3493 1641 3581 partes
1685 3489 1785 3556 sui
1830 3489 2109 3580 corporis
2133 3511 2287 3558 cum
2319 3486 2520 3559 altera
2548 3514 2672 3562 ex·-

646 3587 958 3667 tremitate
984 3617 1343 3675 connexas·
1325 3650 1346 3686 ,
1392 3618 1546 3690 ergo
1590 3593 1807 3669 anima
1833 3593 2329 3692 probabilissime
2363 3602 2608 3675 existit
2590 3621 2670 3675 111

546 3727 553 3732 '
646 3702 934 3788 Gerebmv
