2988 4832
1580 490 1707 562 104

608 620 821 687 tamur
841 617 923 687 ad
943 619 1298 689 amandum
1320 617 1569 690 bonum
1591 619 1664 689 in
1684 636 1927 711 genere
1957 623 2022 689 et
2049 616 2134 688 ad
2154 613 2406 689 malum
2432 617 2501 690 in
2521 640 2631 713 ge-

607 746 768 793 nere
796 724 943 794 odio
976 725 1373 797 habendum.

600 900 606 922 2
695 861 809 932 51.
848 859 966 929 His
1012 863 1355 952 praemissis
1391 862 1768 954 intelligitur
1792 854 1842 942 's
1864 862 1950 932 ad
1996 860 2354 932 libertatem
2394 884 2628 935 anunm

609 990 745 1037 non
779 969 1071 1039 sufficere
1087 1020 1109 1052 ,
1150 978 1226 1041 ut
1249 971 1544 1040 voluntas
1574 974 1870 1040 immanis
1896 974 1978 1042 sit
1999 975 2081 1042 ab
2098 974 2268 1041 omni
2285 975 2586 1041 coactione
2602 1023 2623 1052 ‚

608 1097 760 1142 cum
785 1097 975 1146 secus
1011 1077 1196 1147 liberi
1243 1100 1525 1148 essemus
1572 1074 1767 1148 etiam
1809 1080 1883 1149 in
1926 1080 2207 1150 amando
2258 1080 2510 1150 bonum
2553 1079 2629 1149 in

605 1203 881 1270 generez
917 1185 1027 1252 sed
1068 1185 1417 1255 necessario
1459 1186 1699 1276 requiri
1722 1237 1740 1263 .
1775 1192 1848 1256 ut
1892 1186 1973 1255 sit
2004 1188 2299 1254 immanis
2336 1188 2417 1255 ab
2457 1186 2631 1255 omni

603 1287 791 1360 etiam
822 1294 1164 1361 necessitate
1184 1317 1212 1374 ,-
1245 1299 1438 1384 atque
1482 1294 1626 1362 haee
1663 1294 2041 1363 immunitas
2099 1292 2330 1362 dicitur
2377 1295 2628 1363 libertas

602 1401 1033 1488 indifferentiae
1052 1453 1073 1480 ,
1111 1422 1257 1492 quae
1280 1403 1471 1493 proin
1492 1399 1746 1471 definiri
1769 1407 1973 1494 potest
2011 1426 2030 1470 ε
2073 1403 2368 1468 Potentia
2398 1402 2628 1469 anima
2694 1436 2699 1443 ·

603 1521 842 1585 activa,
887 1526 1008 1596 qna
1049 1510 1276 1576 habitis
1295 1564 1300 1565 ff
1321 1510 1596 1577 omnibus
1623 1510 1710 1577 ad
1736 1510 2041 1598 agendam
2081 1509 2394 1597 requisitis
2432 1520 2628 1598 potest

602 1639 780 1701 ayere
814 1618 907 1683 vel
944 1639 1068 1683 non
1094 1640 1272 1705 aqere
1294 1619 1384 1684 vel
1411 1620 1592 1705 ayerc
1614 1620 2028 1685 contrarium.

689 1748 846 1818 Haec
873 1757 1089 1820 autem
1130 1750 1386 1821 libertas
1420 1776 1539 1845 pro
1571 1754 1925 1823 diversitate
1950 1751 2379 1820 terminorum
2398 1801 2418 1831 ‚
2466 1770 2628 1842 quos

600 1858 820 1926 anima
847 1856 1044 1933 libere
1066 1864 1268 1948 potest
1293 1860 1568 1951 eligere..
1614 1860 2046 1952 distinguitur.

690 1995 761 2062 1·
800 1985 1252 2062 In‘libertatem
1285 1996 1791 2062 contradictionis
1815 2047 1838 2074 ,
1881 1996 1930 2063 i.
1977 2017 2039 2064 e.
2073 1994 2354 2085 eligendi
2379 1993 2629 2064 alteru-

600 2105 779 2168 trum
801 2123 879 2169 ex
908 2101 1195 2171 terminis
1222 2102 1717 2171 contradictoriis
1736 2154 1754 2182 ,
1797 2124 1865 2172 v.
1899 2125 1970 2193 g.
2002 2124 2298 2172 amorem
2333 2103 2440 2172 vel
2463 2123 2631 2172 non-

601 2229 930 2290 amorem3
969 2211 1458 2287 contrarietatis,
1489 2210 1536 2277 i.
1578 2231 1638 2278 e.
1674 2209 1953 2300 eligendi
1976 2209 2360 2281 alterutrum
2394 2233 2474 2284 ex
2498 2225 2629 2281 ter-

603 2318 797 2386 minis
823 2319 1184 2399 contrariiS,
1221 2340 1291 2386 v·
1327 2340 1394 2409 g.
1424 2338 1714 2387 amorem
1731 2316 1834 2385 vel
1860 2315 2119 2398 odium.;
2152 2319 2626 2408 speoifioationis

600 2426 649 2493 i.
684 2448 742 2494 e.
788 2423 1064 2515 eligendi
1101 2447 1314 2494 unum
1355 2447 1433 2493 ex
1455 2426 1746 2494 terminis
1785 2425 2044 2495 diversis
2067 2475 2085 2504 ‚
2130 2448 2197 2505 v,
2233 2450 2302 2518 g.
2341 2426 2625 2499 studium

592 2530 707 2607 ,vel
730 2523 1238 2600 ambulationem

517 2751 518 2756 ἵ
613 2683 618 2686 ·
689 2663 884 2735 20'1n
928 2667 1263 2734 libertatem
1291 2670 1652 2756 proximam
1683 2670 1776 2736 vel
1816 2679 2111 2741 remotam
2146 2669 2635 2764 (immediatam

595 2774 707 2843 “vel
733 2773 1107 2864 mediatam)
1130 2801 1147 2854 3
1188 2779 1378 2865 prout
1405 2775 1691 2867 expedita
1713 2781 1811 2845 est
1839 2777 2207 2851 immediate
2234 2780 2343 2849 vel
2366 2786 2621 2850 tantum

600 2881 871 2951 mediate
891 2880 973 2950 ad
990 2881 1227 2974 aliquid
1248 2881 1597 2974 agendum.
1624 2880 1730 2952 Sic
1743 2882 1994 2956 flumen
2018 2887 2397 2976 traiecturus
2420 2886 2626 2955 habet

599 2987 964 3057 libertatem
986 2990 1343 3080 proximam
1377 2989 1734 3084 trajiciendi
1748 3043 1766 3073 ‚
1802 2993 1858 3063 si
1887 2993 2071 3063 navis
2107 2994 2247 3085 jam
2277 2999 2496 3086 parata
2535 2994 2620 3064 ad

600 3117 874 3165 manum
902 3096 1020 3180 sit3
1049 3109 1339 3168 remotam
1364 3120 1518 3170 vero
1535 3149 1556 3179 ‚
1597 3101 1652 3170 si
1676 3101 1860 3196 navis
1885 3121 2024 3170 non
2044 3098 2241 3179 adsit,
2280 3100 2395 3169 sed
2416 3101 2615 3194 possit

506 3231 517 3242 ·
600 3203 857 3276 haberi.

623 3337 629 3346 ’
688 3350 798 3421 52.
824 3347 1199 3442 Hujusmodi
1215 3351 1574 3422 libertatem
1593 3351 2036 3425 indifferentiae
2052 3353 2286 3424 animae
2306 3353 2617 3427 humanm

479 3453 488 3462 ”
602 3457 803 3527 inesse
831 3465 1158 3551 'negarunt
1187 3460 1255 3530 1⁰
1285 3461 1530 3562 antiqui
1556 3460 1850 3534 ¹t'atalistae
1901 3461 1987 3553 (1)
2012 3513 2031 3541 ‚
2079 3462 2194 3555 qui
2220 3463 2438 3538 omnia
2466 3463 2613 3555 lege

667 3695 736 3764 (1)
755 3695 817 3748 Hi
835 3696 942 3759 jam
960 3712 1109 3763 supra
1128 3698 1342 3752 Cosmol.
1367 3700 1496 3751 Sect.
1517 3700 1560 3751 1.
1576 3734 1593 3762 ‚
1611 3700 1795 3751 directe
1816 3700 2016 3752 refutati
2041 3705 2161 3753 sunt
2176 3737 2193 3766 ,
2214 3704 2266 3754 et
2281 3715 2372 3768 per
2391 3703 2613 3769 proposi·

605 3766 790 3819 tioncm
812 3768 892 3819 hic
910 3771 1114 3833 positum
1141 3770 1377 3823 indirecte
1396 3807 1414 3836 ,
1435 3775 1513 3822 nst
1548 3786 1651 3823 non
1685 3773 1850 3823 minus
1868 3774 2029 3826 valide
2048 3779 2307 3838 urgentur,
2329 3774 2610 3827 Obsoletum

606 3841 772 3888 autom
816 3840 976 3904 sctum
1009 3841 1360 3909 astroloqicam
1377 3876 1394 3904 ,
1418 3843 1553 3907 quod
1571 3846 1679 3907 post
1710 3844 2024 3908 Assyriorum
2044 3849 2095 3897 ct
2112 3846 2453 3899 chaldaeorum
2472 3858 2609 3895 som·

605 3909 691 3961 nia
702 3910 923 3973 juniores
943 3912 1181 3970 Platonici
1202 3917 1253 3967 et
1272 3914 1559 3982 origenistae
1577 3916 1844 3973 commenti
1876 3919 1993 3976 suut
2003 3952 2021 3983 ,
2058 3917 2203 3983 quasi
2229 3930 2411 3984 nempe
2449 3929 2608 3971 nescu
