2988 4832
1548 548 1680 620 340

589 667 706 747 tis,
746 667 835 740 Ν.
874 668 1053 739 Com.
1093 664 1291 759 Atqui
1329 665 1503 738 Deus
1544 688 1648 735 res
1690 666 1935 735 suturas
1974 671 2109 733 non
2151 663 2440 755 respectu
2488 678 2615 748 sum
2662 719 2669 727 .

608 775 965 845 aeternitatis
985 826 1004 856 ,
1055 775 1166 845 sed
1206 781 1494 868 respectu
1523 773 1934 867 praecedentis
1977 772 2244 863 alicujus
2270 765 2620 840 durationis

589 876 791 950 'realis
823 883 928 953 vel
959 883 1265 975 possibilis
1294 889 1366 951 ut
1393 883 1637 951 futuras
1664 881 1960 951 affirmat.
1997 879 2111 950 Est
2139 899 2373 971 nempe
2402 870 2622 969 cogni-

583 988 692 1056 'tio
719 987 838 1058 Dei
866 991 1161 1059 omnium
1203 1012 1425 1059 rerum
1471 989 1740 1080 simplex
1785 988 2072 1067 intuitus,
2118 1007 2196 1055 ac
2238 984 2429 1079 proin
2457 1003 2621 1075 cog-

585 1095 809 1167 ‘noscit
835 1118 939 1167 res
971 1096 1280 1188 quaslibet
1310 1098 1382 1167 in
1412 1103 1584 1166 certo
1614 1102 1901 1190 tempore
1929 1116 2040 1167 seu
2074 1096 2246 1165 certa
2276 1092 2618 1165 successio-

604 1222 771 1273 num
799 1205 957 1273 serie
990 1204 1360 1287 existentes3
1395 1205 1508 1274 sic.
1542 1228 1613 1275 v.·
1646 1227 1716 1296 g.
1761 1204 2129 1297 Augustum
2168 1203 2619 1295 imperatorem

603 1316 748 1401 post
772 1309 1087 1381 Caesarem
1110 1316 1173 1380 et
1200 1317 1349 1382 ante
1376 1310 1728 1390 Tiberium,
1761 1311 2043 1402 adeoque
2075 1309 2274 1380 relate
2303 1308 2388 1378 ad
2414 1308 2619 1380 Caesa—

605 1437 747 1486 rem
772 1423 846 1487 ut
873 1419 1188 1499 futurum,
1220 1418 1417 1489 relate
1455 1418 1540 1487 ad
1576 1416 1906 1487 Tiberium
1940 1423 2015 1487 nt
2046 1415 2441 1510 praeteritum
2488 1418 2620 1484 im‘-

604 1530 987 1614 peratorem.
1019 1524 1144 1595 Res
1173 1547 1327 1618 ergo
1355 1546 1491 1596 non
1510 1524 1677 1604 Deo,
1709 1525 1819 1594 sed
1844 1525 2036 1594 rebus
2060 1523 2285 1592 creatis
2313 1522 2454 1593 aliae
2476 1528 2620 1591 sunt

605 1633 965 1723 proeteritae,
1008 1634 1151 1703 aliae
1187 1634 1419 1704 futurae
1433 1684 1451 1713 ,
1494 1633 1626 1702 fere
1664 1634 1848 1702 sicuti
1887 1632 2072 1701 nobis
2097 1632 2169 1700 in
2199 1632 2358 1701 serie
2398 1648 2623 1701 nume-

605 1759 832 1810 rorum
867 1741 1088 1810 nullus
1133 1763 1445 1810 numerus
1493 1748 1590 1809 est
1632 1741 1988 1831 pra-teritus
2028 1744 2138 1808 aut
2181 1739 2464 1820 futurus,
2511 1739 2620 1806 etsi

608 1866 959 1918 numerum
985 1846 1028 1918 3
1055 1853 1202 1918 ante
1226 1850 1292 1928 4,
1327 1854 1389 1918 et
1416 1854 1559 1939 post
1588 1848 1632 1917 2
1658 1847 1941 1937 adeoque
1970 1845 2168 1916 relate
2191 1846 2273 1918 ad
2306 1847 2351 1916 2
2382 1853 2455 1916 ut
2481 1846 2622 1915 sub-

606 1960 1000 2045 sequentem,
1033 1956 1225 2025 relate
1256 1959 1338 2024 ad
1366 1956 1410 2025 4
1439 1959 1514 2023 ut
1539 1953 2006 2046 praecedentem
2038 1951 2373 2044 concipere
2402 1951 2621 2021 debea-

595 2080 780 2156 fmuS.
809 2060 983 2155 Ergo
1007 2064 1293 2154 cognitio
1317 2061 1431 2132 Dei
1465 2084 1589 2130 nec
1621 2066 1905 2129 mutatur
1939 2081 2062 2128 nec
2095 2060 2481 2138 falsificatur,
2517 2059 2623 2126 sed

605 2191 723 2259 pro
746 2169 922 2240 vario
952 2177 1266 2262 respectu,
1296 2171 1611 2263 praeterita
1643 2169 1835 2240 etiam
1871 2173 1945 2236 ut
1978 2159 2211 2245 futura,
2261 2172 2326 2234 et
2351 2165 2623 2236 vicissim

607 2278 824 2348 futura
859 2283 933 2346 ut
967 2280 1302 2369 praeterita,
1348 2284 1443 2347 ast
1474 2279 1597 2345 sibi
1623 2277 1844 2350 omnia
1881 2296 2136 2367 semper
2175 2274 2508 2367 praesentia
2545 2273 2624 2342 ab

608 2391 844 2455 aeteruo
870 2392 932 2456 et
964 2387 1033 2455 in
1062 2393 1376 2458 aeternum
1410 2386 1757 2479 cognoscit.
1796 2382 2198 2455 Praeteritum
2227 2383 2428 2465 enim,
2459 2405 2622 2476 prae-

587 2513 752 2587 ‘sens
792 2496 856 2562 et
899 2494 1188 2563 futurum
1236 2500 1385 2563 sunt
1438 2494 1595 2585 quid
1645 2493 1783 2564 Deo
1832 2482 2263 2563 extrinsecum
2310 2498 2375 2561 et
2417 2497 2625 2584 partes

604 2601 929 2693 temporie,
974 2603 1258 2693 adeoque
1291 2602 1386 2670 uti
1418 2608 1694 2693 tempus„
1731 2601 1991 2672 nonnisi
2029 2600 2369 2669 relationes
2407 2621 2627 2669 rerum

604 2705 726 2775 sibi
758 2707 1280 2792 succedentiumg
1325 2730 1479 2801 ergo
1509 2708 1682 2778 Deus
1722 2729 1826 2777 res
1871 2730 2100 2777 omnes
2144 2709 2422 2801 perlecto
2467 2729 2629 2798 cog-

605 2832 898 2896 noscenS,
938 2817 1258 2909 cognoscit
1284 2816 1477 2886 etiam
1515 2838 1740 2886 omnes
1773 2837 1998 2885 earum
2030 2817 2393 2898 relationes,
2430 2802 2629 2884 adco-

601 2917 733 3018 'que
776 2930 841 2993 et
879 2924 1213 2995 relationes
1256 2923 1341 2994 ad
1378 2947 1481 2995 res
1528 2923 1659 2994 sive
1704 2923 2133 3017 praecedentes
2151 2974 2170 3005 ,
2220 2924 2356 2995 sive
2407 2924 2630 2995 subse-

606 3038 876 3120 quentes
911 3032 1023 3124 (1).

576 3271 584 3293 '
672 3263 741 3331 (1)
773 3266 1051 3319 clarissime
1073 3283 1163 3332 pro
1194 3285 1333 3322 more
1364 3285 1454 3322 suo
1488 3271 1554 3323 D.
1589 3272 1894 3339 Aug-uatium
1924 3273 2135 3324 eandem
2156 3270 2480 3336 quaestionem
2498 3271 2623 3321 trac·

593 3342 717 3388 jans
734 3338 786 3387 in
805 3339 966 3392 libros
989 3338 1059 3390 De
1075 3341 1287 3392 Ciuitate
1307 3343 1416 3394 Dei.
1443 3343 1553 3394 Lib.
1582 3346 1664 3395 22.
1688 3345 1811 3407 Cap.
1833 3347 1884 3407 2,
1908 3345 2016 3395 ait:
2042 3342 2319 3394 Secundum
2343 3342 2490 3391 illam
2509 3343 2631 3390 veito

605 3408 902 3459 volmatem
918 3424 1062 3460 suam
1076 3445 1094 3473 ,
1126 3425 1237 3477 quae
1260 3426 1371 3465 cum
1400 3427 1512 3477 ejus
1529 3415 1849 3478 proescientid
1881 3415 2180 3479 sempiterna
2200 3416 2294 3475 est,
2321 3413 2550 3477 profecto
2579 3411 2634 3459 in

573 3484 574 3487 ’
605 3479 729 3530 coelo
750 3480 869 3530 etin
887 3481 1025 3531 terret
1054 3483 1240 3545 omnia,
1262 3497 1557 3550 quoeczmque
1581 3486 1759 3549 voluit,
1794 3500 1890 3536 non
1910 3486 2073 3536 solum
2089 3485 2353 3550 praeterita
2384 3482 2468 3534 vel
2490 3497 2634 3548 proe-

606 3550 782 3614 sentia,
804 3549 897 3600 ced
914 3553 1064 3602 etiam
1077 3553 1253 3617 sutura
1262 3555 1380 3618 jam
1402 3555 1541 3618 fecit.
1578 3555 1773 3622 Verum,
1805 3559 2068 3622 antequam
2103 3557 2267 3608 veniat
2290 3559 2499 3620 tempus,
2534 3568 2631 3620 quo

607 3618 784 3700 confit,
806 3623 861 3668 ut
879 3620 1037 3684 fieret,
1076 3621 1209 3687 quod
1221 3626 1333 3673 ante
1351 3627 1574 3689 tempora
1617 3627 1848 3677 universa
1887 3627 2148 3693 proescivit
2180 3629 2327 3691 atque
2364 3625 2631 3690 disposuit,

597 3686 824 3739 dicemus
858 3702 881 3739 .·
920 3705 1028 3742 mm·
1060 3726 1077 3754 ,
1124 3706 1325 3752 ouAnoo
1356 3707 1478 3745 nnus
1506 3709 1761 3749 vomunt.
1794 3697 1856 3748 Si
1874 3702 2039 3748 autem
2080 3710 2178 3747 non
2215 3697 2380 3747 solum
2423 3700 2633 3762 tempus,

609 3772 704 3823 quo
720 3759 948 3824 futurum
961 3764 1063 3829 est,
1101 3777 1274 3816 verum
1292 3765 1462 3829 etiam,
1481 3769 1652 3819 utrum
1671 3763 1900 3835 futurum
1919 3769 2005 3833 sit,
2036 3769 2348 3834 ignoramus,
2371 3765 2628 3837 dicimus-.-

609 3840 736 3913 mnr,
770 3842 816 3882 ιι
839 3845 961 3884 naus
981 3848 1222 3887 vocutmr
1244 3849 1259 3886 z
1281 3851 1379 3887 non
1400 3839 1520 3904 quia
1539 3839 1670 3890 Deus
1687 3854 1865 3891 novam
1884 3841 2183 3891 voluntatem
2198 3875 2215 3904 ,
2237 3834 2388 3906 quam
2411 3852 2510 3890 nou
2546 3838 2636 3888 laa-

588 3897 740 4013 1Ima,
760 3905 874 3954 tunc
908 3903 1116 3971 habebit,
1156 3906 1247 3957 sed
1265 3909 1383 3974 quia
1415 3908 1500 3972 id,
1535 3910 1669 3975 quod
1701 3925 1765 3966 ex
1787 3911 2057 3969 oetemitate
2091 3913 2145 3965 in
2176 3910 2286 3977 ejus
2328 3908 2636 3980 immae-bili

609 3976 956 4041 prceparatum
982 3980 1055 4028 est
1074 3977 1339 4043 voluntate,
1363 3982 1475 4033 tunc
1494 3981 1612 4036 erit.
