2988 4832
847 418 938 435 .‘··›

1653 466 1782 537 116

713 614 873 685 ‘ergo
904 594 1118 663 anima
1135 646 1152 671 ,
1192 593 1339 663 licet
1368 594 1726 662 necessario
1748 613 1880 663 suae
1906 590 2314 663 beatitudinis
2341 592 2597 667 amans,'
2623 607 2749 657 rea

716 708 937 774 manet
951 702 1199 794 semper
1210 701 1418 771 libera
1429 701 1503 770 in
1523 701 1830 771 electione
1853 699 2287 792 quorumlibet
2306 697 2739 788 objectorum:

716 806 936 889 libera,
967 810 1255 901 inquam,
1291 830 1403 877 seu
1422 814 1649 897 potens
1677 808 1910 900 eligere
1924 808 2051 878 hoc
2079 806 2187 877 vel
2200 803 2384 885 illud,
2414 801 2523 876 vel
2537 802 2742 874 etiam

717 920 1063 1009 utrumque
1089 908 1715 1008 respuere.UndeN.
1757 917 1913 984 Cous
1954 913 2066 1007 (1).

715 1056 720 1061 ’
800 1063 959 1132 Inst.
996 1063 1062 1132 5.
1096 1056 1456 1134 Intellectus
1474 1114 1497 1144 ,
1530 1052 1675 1156 quo⁴
1705 1049 1952 1155 objecta
1994 1061 2131 1132 sub·
2149 1060 2399 1132 diverso
2440 1063 2742 1152 respectu

719 1170 1189 1240 consideramus
1216 1223 1234 1251 ‚
1285 1176 1379 1241 est
1427 1173 1709 1269 potentia
1753 1170 2116 1242 necessaria
2139 1194 2164 1238 .·
2207 1168 2389 1261 atqui
2437 1168 2744 1237 voluntas

718 1281 1063 1350 necessario
1093 1279 1496 1372 amplectitur
1523 1279 1591 1349 id
1614 1331 1632 1358 ,
1667 1278 1842 1371 quod
1870 1277 2232 1347 intellectus
2258 1277 2550 1346 ultimato
2580 1297 2744 1345 me-

715 1381 845 1456 lius
854 1387 1131 1479 judicat3
1172 1410 1328 1480 ergo
1362 1393 1425 1456 et
1460 1386 1758 1456 voluntas
1810 1381 2164 1456 necessario
2206 1404 2278 1454 se
2301 1381 2736 1466 determinat.

804 1527 885 1599 R.
931 1532 1003 1600 C.
1050 1532 1216 1620 Maj.
1254 1531 1419 1602 Cum
1448 1549 1667 1625 reapse
1711 1532 2070 1601 intellectus
2113 1530 2192 1600 sit
2221 1529 2502 1621 potentia
2525 1511 2554 1608 J
2579 1547 2739 1620 quae

715 1636 941 1706 habitis
956 1640 1256 1709 omnibus
1281 1640 1362 1709 ad
1392 1641 1720 1731 agendum
1741 1638 2055 1730 requisitis
2075 1638 2395 1707 actionem
2415 1637 2734 1716 omittere,

712 1742 761 1810 i.
796 1765 858 1814 e.
897 1743 1215 1836 objectum
1252 1747 1369 1815 rite
1396 1747 1785 1837 applicatum
1814 1768 1952 1815 non
1987 1746 2182 1838 possit
2214 1767 2350 1814 non
2380 1744 2732 1836 percipere.

715 1849 844 1918 Sed
883 1852 970 1921 D.
1008 1854 1178 1923 Min.
1225 1851 1543 1923 Voluntas
1588 1855 1943 1922 necessario
1985 1852 2393 1944 amplectitur
2415 1851 2484 1919 id
2502 1904 2519 1930 ,
2558 1851 2740 1942 quod

714 1956 1070 2028 intellectus
1112 1961 1489 2052 speculative
1541 1961 1772 2030 melius
1812 1959 2079 2051 judicat.
2113 1960 2206 2029 N.
2250 1959 2421 2028 Min.
2475 1956 2739 2040 Quoties

717 2063 890 2133 enim
938 2089 1073 2135 non
1109 2069 1370 2147 accidit,
1427 2074 1500 2137 ut
1532 2068 1860 2138 videamus
1902 2066 2166 2135 meliora
2209 2064 2678 2157 probemusque
2712 2116 2733 2144 ,

718 2172 1021 2243 deteriora
1086 2196 1450 2266 sequamur.
1524 2176 1709 2258 Quod
1765 2175 2120 2245 intellectus
2176 2175 2442 2264 practice
2488 2172 2736 2263 judicat
2788 2177 2793 2181 ’

716 2280 946 2351 melius
972 2335 989 2361 ,
1035 2285 1228 2352 subd.
1277 2286 1444 2354 Min.
1482 2281 1566 2351 Et
1586 2283 1904 2373 judicium
1939 2279 2066 2351 hoc
2091 2281 2447 2374 practicam
2482 2301 2735 2371 suppo-

716 2388 815 2458 nit
832 2391 971 2481 Jam
998 2391 1372 2461 electionem
1409 2390 1750 2459 voluntatis
1776 2442 1793 2469 ,
1819 2411 1895 2459 ac
1924 2388 2113 2481 proin
2147 2410 2292 2457 eam
2321 2386 2595 2455 liberam
2622 2410 2734 2457 re·

714 2499 982 2589 linquit,
1027 2501 1099 2567 C.
1136 2502 1305 2569 Min.
1337 2498 1485 2567 Non
1503 2499 1822 2589 supponit,
1861 2499 1952 2568 N.
1989 2499 2163 2567 Min.
2198 2494 2521 2565 Judicium
2546 2496 2734 2567 enim

713 2606 1064 2698 ‘practicum
1112 2612 1205 2674 est
1244 2605 1407 2674 illud
1427 2654 1446 2684 ,
1492 2601 1667 2696 quod
1727 2605 2001 2697 pensatis
2050 2602 2351 2675 omnibus
2378 2613 2385 2618 “
2408 2603 2734 2676 definitive

716 2714 1082 2805 pronuntiat
1116 2712 1436 2805 objectum
1487 2733 1624 2782 esse
1654 2718 1803 2782 actu
1840 2711 2212 2805 eligendum
2235 2764 2253 2792 ‚
2295 2710 2470 2780 unde
2499 2712 2726 2782 deter-

714 2821 1131 2890 minationem
1172 2820 1513 2890 voluntatis
1549 2839 1685 2889 non
1724 2819 2024 2911 praecedit
2047 2869 2066 2899 ,
2104 2820 2213 2889 sed
2258 2818 2729 2889 concomitatur

714 2926 819 3000 vel
845 2926 1288 3018 subsequitur;
1322 2927 1582 3019 paucis:
1608 2926 1926 3019 judicium
1953 2927 2307 3019 practicum
2335 2932 2429 2995 est
2456 2926 2594 3016 ipsa
2641 2926 2729 2997 li·-
2769 2980 2778 2987 .

715 3031 869 3102 bera
889 3033 1325 3104 determinatio
1357 3036 1701 3105 voluntatis
1724 3035 1809 3105 ad
1841 3035 2162 3127 objectum
2184 3056 2302 3127 per
2327 3033 2727 3105 intellectum

714 3147 1084 3231 ‘perceptum
1102 3143 1621 3233 amplectendum
1647 3193 1665 3223 ‚
1707 3164 1856 3232 quae
1895 3146 2063 3211 certe
2086 3139 2530 3210 determinatio
2560 3139 2727 3212 elec-

712 3248 956 3317 tionem
983 3247 1320 3319 voluntatis
1346 3249 1803 3343 praesupponit.

780 3453 847 3521 ,1)
864 3454 1138 3506 Fatendum
1158 3457 1358 3520 quidem
1375 3456 1476 3520 est,
1500 3467 1590 3507 nos
1612 3452 1884 3519 generatim
1898 3455 1950 3505 et
1969 3456 2178 3520 practice
2191 3493 2208 3522 ,
2231 3455 2394 3520 maius
2411 3455 2600 3507 bonum
2618 3467 2725 3519 με

714 3525 898 3575 minori
930 3528 1129 3594 eligere,
1149 3535 1216 3580 ‘et
1263 3530 1307 3580 si
1346 3529 1701 3581 rationabiliter
1724 3546 1812 3582 seu
1836 3530 1982 3592 juxta
2009 3531 2260 3582 dictamen
2288 3526 2492 3579 rationis
2525 3541 2724 3590 semper

717 3608 972 3655 ageremus
988 3635 1003 3663 ,
1026 3614 1219 3664 semper
1237 3601 1387 3651 etiam
1401 3633 1421 3664 ‚
1442 3602 1577 3664 quod
1604 3601 1782 3651 melius
1798 3606 1873 3653 est
1889 3601 2053 3665 quoad
2075 3615 2166 3652 nos
2182 3633 2202 3664 ‚
2230 3613 2319 3650 seu
2338 3600 2470 3663 quod
2490 3614 2582 3649 nos
2608 3598 2726 3649 faci-

715 3664 812 3715 lius
842 3667 907 3719 ad
940 3671 1094 3722 tinem
1121 3675 1345 3722 nostrum
1363 3672 1532 3734 ducit,
1562 3671 1890 3735 eligeremus:
1913 3676 1989 3725 ast
2021 3683 2086 3724 ex
2112 3672 2209 3722 hoe
2232 3684 2337 3721 non
2367 3670 2605 3734 sequitur,
2630 3683 2722 3720 nos

639 3771 644 3778 .
717 3735 866 3789 etiam
881 3770 902 3802 ‚
919 3740 1041 3793 dum
1060 3745 1235 3795 melius
1256 3741 1482 3806 eligimus
1494 3776 1517 3806 ,
1537 3744 1805 3795 necessario
1826 3748 1878 3795 et
1896 3744 1967 3796 ita
1986 3743 2108 3795 illud
2137 3742 2318 3806 eligere
2333 3776 2352 3805 ,
2374 3744 2550 3792 utnon
2572 3742 2724 3804 possi-

719 3806 829 3861 ‘mus
857 3813 1023 3867 minus
1054 3818 1243 3868 bonum
1263 3813 1475 3879 eligere,
1508 3817 1587 3867 vel
1612 3828 1701 3865 nos
1740 3817 2006 3880 necessario
2040 3811 2287 3877 dictamen
2320 3814 2523 3869 rationis
2558 3815 2715 3881 sequi.
2780 3835 2786 3839 ·

717 3880 1026 3948 Experientia
1055 3890 1224 3953 utiqrc
1248 3887 1552 3939 contrarium
1576 3886 1765 3949 prohat.
