2988 4832
1564 497 1694 567 222

620 625 692 697 τῷ
723 619 904 695 verm·
943 617 1204 706 vassjusto
1233 615 1608 708 simpliciter¹
1623 619 1786 698 (διας4
1808 634 1962 709 ergo
1999 625 2060 691 τὸ
2095 634 2248 704 esse,
2281 625 2342 689 τὸ
2377 634 2631 702 verum

611 723 882 811 justum,
918 724 1267 816 pulchrum
1295 718 1665 815 simpliciter
1692 731 1815 797 etc.
1846 731 1941 795 est
1969 725 2153 796 nobis
2172 749 2404 804 norma
2419 731 2637 800 omnis
2673 756 2675 765 ³

619 832 985 923 conceptus,
1001 831 1160 902 Jam
1190 839 1404 903 autem
1427 852 1488 905 τὸ
1520 859 1771 917 verum,
1801 870 1862 906 το
1843 838 2155 929 justum,
2193 842 2258 905 et
2283 838 2636 929 pulchrum

593 932 984 1030 simpliciter
1003 990 1021 1020 ,
1078 963 1212 1010 uno
1263 942 1500 1023 verbo,
1557 944 1765 1012 omnis
1809 943 2142 1035 perfectio,
2203 965 2348 1034 quae
2404 936 2629 1016 dicitur

617 1047 883 1137 simplex
923 1070 1033 1117 seu
1048 1072 1212 1139 quae
1247 1051 1599 1141 concipitur
1641 1053 1777 1120 sine
1818 1051 1953 1122 ullo
1996 1047 2265 1130 defectu,
2301 1053 2441 1121 est
2419 1076 2637 1145 ipsum

599 1161 678 1216 svb
709 1173 840 1222 esse
868 1150 1257 1247 simpliciter.
1287 1155 1460 1255 Ergo
1492 1160 1633 1226 idea
1669 1172 1763 1224 τοῦ
1806 1182 1924 1226 esse
1963 1160 2323 1249 simpliciter
2362 1160 2483 1229 sub
2526 1162 2629 1229 di-

616 1281 799 1331 verso
826 1282 942 1330 suo
968 1270 1255 1356 respectu
1283 1271 1378 1333 est
1411 1266 1595 1336 nobis
1622 1266 1913 1357 inprimis
1952 1288 2170 1333 norma
2206 1269 2400 1334 omnis
2424 1270 2628 1358 coqui·

615 1370 803 1439 tionis
820 1368 1001 1461 (Vide
1030 1394 1178 1465 pag.
1203 1371 1333 1442 205
1356 1377 1576 1464 etseq.
1605 1371 1798 1442 Prob.
1831 1371 2029 1464 2,-·a).
2070 1371 2237 1442 Dein

704 1506 856 1576 Sine
878 1509 1133 1578 notione
1155 1510 1272 1578 ista
1296 1537 1312 1580 ι
1333 1511 1499 1579 nihil
1516 1534 1687 1601 posse
1711 1533 1827 1577 esse
1848 1510 2034 1576 simul
2053 1521 2109 1577 et
2128 1532 2253 1578 uon
2276 1533 2392 1577 esse
2407 1533 2430 1578 .·
2450 1511 2637 1596 nulla

615 1614 1044 1710 philosophica
1075 1619 1381 1689 certitudo
1408 1619 1717 1712 possibilis
1736 1623 1852 1688 est.
1890 1612 2163 1697 Etenim,
2211 1620 2264 1688 si
2303 1619 2457 1709 quid
2494 1643 2642 1690 esse

602 1723 810 1792 simul
853 1730 916 1793 et
961 1726 1153 1794 simul
1181 1744 1315 1796 non
1345 1749 1480 1795 esse
1524 1731 1757 1818 posset.
1802 1726 1993 1795 etiam
2034 1726 2331 1818 cogitare,
2374 1728 2643 1795 existere

618 1834 761 1921 quis
779 1837 985 1923 posset
1006 1837 1068 1900 et
1092 1832 1283 1902 simul
1307 1856 1442 1902 non
1471 1835 1768 1926 cogitare,
1814 1850 1947 1902 non
1985 1824 2264 1914 existere,
2296 1832 2436 1902 idea
2462 1856 2640 1925 prae-

618 1940 806 2008 dicati
834 1941 1144 2008 contineri
1170 1942 1241 2009 in
1267 1941 1408 2010 idea
1431 1940 1694 2032 subjecti
1715 1947 1779 2010 et
1800 1942 1992 2010 simul
2015 1962 2151 2011 non
2173 1942 2483 2010 contineri
2505 1949 2637 2013 etc.

617 2044 790 2140 Ergo
833 2070 956 2116 non
995 2050 1264 2116 admissa
1305 2051 1559 2117 veritate
1601 2049 1792 2139 hujus
1842 2048 2116 2118 notionis
2165 2070 2279 2118 seu
2320 2052 2642 2140 principii

617 2168 1119 2233 contradictionis
1154 2165 1336 2234 nulla
1384 2187 1468 2233 ne
1519 2165 1831 2254 analytica
1874 2164 2133 2256 quidem
2181 2165 2360 2234 notio
2391 2188 2506 2234 seu
2555 2191 2644 2236 ne

617 2274 1006 2362 analyticum
1041 2273 1302 2363 quidem
1334 2271 1651 2364 judicium
1684 2275 1755 2341 ut
1779 2293 2009 2342 verum
2038 2272 2301 2352 admitti,
2349 2273 2641 2365 adeoque

614 2383 792 2451 nulla
835 2383 1129 2449 certitudo
1180 2380 1403 2451 haberi
1433 2385 1640 2473 posset
1684 2380 2041 2473 (admittere
2083 2380 2259 2450 enim
2300 2383 2638 2452 veritatem

601 2495 709 2557 ‘cst
736 2489 795 2560 ei
815 2489 1134 2558 adhaerere
1156 2494 1265 2557 aut
1289 2488 1367 2556 de
1395 2512 1469 2557 ca
1496 2494 1704 2558 certus
1730 2487 1928 2578 esse).
1957 2508 2109 2578 ergo
2141 2488 2295 2557 huic
2318 2489 2640 2583 principio

600 2595 905 2666 'ultimato
932 2596 1226 2696 innititur
1257 2596 1467 2665 omnis
1493 2596 1798 2665 certitudo
1835 2602 2142 2685 tanquam
2185 2596 2636 2671 fundamento.

601 2704 816 2795 ‘Atqui
869 2693 1254 2795 principium
1309 2678 1818 2773 contradictionis
1863 2724 1975 2770 seu
2024 2699 2191 2768 notio
2239 2703 2426 2771 ista.
2469 2706 2641 2772 nihil

613 2832 780 2901 posse
815 2833 931 2879 esse
959 2811 1143 2878 simul
1170 2823 1224 2879 et
1256 2834 1379 2878 non
1413 2833 1571 2878 esse:
1597 2815 1689 2879 est
1730 2810 1903 2880 idem
1930 2830 2005 2878 ac
2036 2810 2175 2878 idea
2201 2826 2295 2878 τοῦ
2324 2834 2441 2877 esse
2468 2814 2640 2880 sim-

613 2919 881 3007 pliciter.
927 2917 1101 3011 Ergo
1142 2922 1271 2987 siue
1302 2920 1417 2987 liae
1452 2920 1594 2985 idea
1619 2917 1797 2987 nulla
1831 2918 2150 2995 certitudo,
2192 2922 2254 2984 et
2280 2917 2423 2984 huie
2474 2930 2640 2987 tan-

608 3047 798 3114 quam
843 3026 1259 3097 fundamento
1300 3031 1366 3095 et
1401 3025 1717 3116 principio
1761 3025 2051 3095 ultimato
2093 3007 2425 3094 innititur
2432 3027 2639 3094 omnis

608 3134 939 3203 certitudo.

707 3290 876 3384 Ergo
904 3291 1167 3362 demum
1190 3297 1313 3362 hoec
1343 3297 1481 3364 idea
1519 3314 1613 3366 τοῦ
1646 3319 1763 3362 esse
1792 3294 2148 3382 simpliciter
2173 3295 2266 3358 'ex
2297 3294 2437 3381 ipsa
2467 3314 2638 3384 anaf-

620 3401 739 3489 lysi
778 3405 1187 3490 cognitionum
1212 3418 1575 3474 'nostrarum
1594 3406 1895 3493 probatur
1924 3426 2040 3468 esse
2085 3402 2371 3489 inprimis
2407 3422 2640 3467 norma

616 3509 812 3575 omnis
847 3512 1231 3598 cognitionis,
1276 3523 1333 3579 et
1375 3514 1516 3579 dein
1549 3512 1932 3602 principium
1974 3510 2167 3577 omnis
2209 3505 2640 3588 certitudinis&

706 3644 850 3714 Jam
878 3667 1026 3717 vero
1041 3647 1179 3717 haec
1204 3649 1342 3718 idea
1370 3671 1444 3718 ex
1467 3648 1528 3739 a)
1548 3671 1680 3717 non
1703 3654 2052 3739 potestesse
2072 3646 2414 3738 subjective
2446 3667 2626 3725 vera,

618 3753 777 3844 quin
805 3754 889 3822 sit*
909 3755 1208 3847 obJective
1241 3756 1425 3825 realis
1454 3782 1470 3825 ε
1507 3780 1659 3847 ergo
1690 3779 1905 3825 norma
1937 3758 2131 3823 omnis
2164 3754 2531 3843 cognitionis
2572 3763 2635 3820 'et

613 3864 992 3952 principium
1019 3865 1212 3931 omnis
1242 3865 1623 3932 certitudinis
1658 3864 2003 3933 necessario
2030 3885 2163 3932 non
2184 3860 2377 3932 modo
2400 3861 2633 3949 subjee-

621 3973 750 4036 tiva
776 3974 1023 4039 veritate
1044 4024 1061 4047 .
1102 3972 1210 4041 sed
1245 3980 1304 4041 et
1337 3975 1620 4051 objectiva
1659 3961 1934 4041 realitute
