2988 4832
1583 539 1715 613 350

700 656 801 726 2“
830 590 1180 737 porrectius
1203 665 1329 740 est,
1360 655 1581 737 omnia
1602 659 1752 737 actu
1770 653 1966 726 unico
1987 658 2056 724 et
2074 652 2455 725 simultanco
2474 654 2716 736 velle.

651 786 850 857 quam
893 773 1039 837 actu
1071 767 1419 859 multiplici
1458 771 1525 836 et
1570 765 1965 839 successive·
1996 763 2172 853 atqui
2210 761 2508 843 voluntas
2547 752 2653 839 Dei

639 895 896 957 necessa
913 876 1014 945 rio
1041 880 1134 951 est
1151 873 1648 979 perfectissima3
1685 893 1921 972 ergo...

644 1044 649 1047 Α
727 1009 797 1080 3⁰
838 1006 1012 1079 Deus
1041 1010 1136 1078 cst
1175 1009 1582 1079 essentialiter
1610 919 2027 1078 immutabilis
2058 1031 2078 1076 ι
2125 1007 2341 1098 atqui,
2378 1007 2435 1075 si
2457 1009 2661 1098 posset

647 1136 818 1188 nova
857 1115 1126 1188 subinde
1168 1118 1335 1188 velle
1377 1123 1525 1186 actu
1569 1115 1918 1187 successivo
1944 1165 1965 1195 ‚
2014 1114 2358 1186 intrinseco
2408 1109 2660 1184 modifi-

646 1226 1000 1319 caretursset
1023 1219 1420 1309 mutaretur}
1468 1247 1737 1316 ergo....
2247 1258 2253 1264 ·

645 1364 655 1373 ’
727 1364 956 1435 Senot..
1008 1364 1180 1437 Cum
1207 1363 1384 1436 Deus
1412 1365 1502 1433 sit.
1516 1361 2052 1455 simplicissimus,
2029 1366 2070 1379 ⁴
2087 1366 2265 1431 actus
2288 1358 2412 1432 Dei
2441 1378 2665 1431 omncs

637 1472 769 1542 sive
810 1472 1179 1544 intellectus
1209 1473 1342 1543 sive
1383 1472 1729 1542 voluntatis
1761 1493 1895 1540 non
1921 1476 2071 1540 sunt
2098 1471 2221 1539 nisi
2249 1490 2421 1538 unus
2458 1467 2665 1537 idem-

638 1604 763 1673 que
793 1588 1017 1664 actuS,
1055 1605 1168 1672 quo
1212 1594 1330 1661 est,
1361 1603 1475 1652 seu
1497 1581 1634 1672 ipsa
1659 1579 1927 1649 essentia
1962 1579 2045 1646 ad
2087 1577 2367 1647 diversos·
2387 1576 2513 1646 hos
2539 1596 2666 1644 res-

646 1695 873 1780 pectus
912 1689 1366 1768 determinata,
1415 1687 1485 1758 id
1521 1687 1696 1778 quod
1733 1686 1905 1757 etde
1940 1686 2181 1755 caeteris
2217 1686 2583 1755 attributis
2561 1709 2665 1754 m-

636 1797 849 1887 telligi
870 1818 1125 1865 necesse
1171 1802 1285 1865 est.
1319 1795 1440 1865 Ast·
1468 1799 1648 1865 actus
1672 1796 1785 1863 iste
1815 1792 2040 1862 eadem
2077 1794 2430 1861 actuatione
2461 1795 2665 1862 varios

637 1901 707 1970 in
747 1903 1057 1971 terminos
1098 1903 1217 1971 sub
1246 1905 1424 1981 vario
1467 1907 1758 1992 respectu
1799 1901 2045 1978 tendit,
2092 1899 2265 1967 unde
2300 1922 2421 1991 pro
2444 1901 2663 1969 finitu-

638 2009 787 2079 dine
833 2008 1192 2077 intellectus
1250 2010 1478 2088 nostri,
1527 2009 1625 2076 uti
1673 2006 2097 2098 multiplicem
2144 2007 2474 2076 scientiam
2504 2060 2522 2088 ,
2576 2010 2662 2080 ita

638 2123 703 2197 et
725 2116 1147 2210 multiplicem
1180 2117 1254 2187 in
1280 2115 1418 2187 Deo
1453 2117 1852 2193 voluntatem
1892 2113 2377 2206 distinguimus,
2404 2121 2493 2221 et·
2512 2118 2665 2215 qui-

639 2223 789 2292 dem
803 2275 820 2293 .

649 2400 655 2409 =
729 2359 794 2427 1⁰
827 2359 1282 2437 Necessarium
1311 2357 1360 2427 i.
1384 2367 1454 2427 e.'
1478 2378 1623 2449 quae
1644 2360 1716 2427 in
1738 2355 2022 2428 absolute
2043 2357 2397 2432 necessaria
2419 2358 2655 2437 tendit,
2711 2361 2717 2367 ’

637 2489 751 2536 seu
790 2470 971 2559 cujus
1001 2474 1178 2537 actus
1212 2467 1426 2559 quoad
1476 2466 1832 2536 terminum
1861 2467 2249 2537 necessarius
2294 2472 2424 2547 est,
2474 2472 2540 2537 ct
2568 2470 2662 2535 li-

639 2575 887 2653 beram,
928 2576 975 2643 i.
1009 2598 1069 2643 e.
1114 2598 1260 2665 quae
1291 2576 1364 2643 in
1395 2574 1831 2667 contingentia
1856 2572 2093 2655 tendit,
2130 2596 2246 2647 scu
2276 2577 2459 2669 cujus
2483 2582 2662 2649 actus

596 2725 601 2729 -
638 2680 848 2792 quoad
885 2683 1237 2754 terminum
1260 2681 1433 2751 liber
1473 2689 1591 2751 est.

726 2826 797 2895 2⁰
844 2797 1330 2909 Antecedentem,
1362 2831 1409 2899 i.
1439 2852 1502 2902 e.
1534 2853 1679 2922 quoe
1703 2832 1956 2904 tendit
1932 2855 2004 2903 ιιι
2036 2834 2358 2925 objectum
2388 2836 2663 2928 praecisis

637 2934 943 3008 omnibus
974 2937 1510 3026 circumstantiis3
1542 2940 1632 3008 sic
1653 2940 1950 3033 princeps
1970 2942 2109 3010 vult
2141 2965 2408 3014 omnem
2441 2942 2662 3012 subdi-

636 3050 785 3112 tum
812 3045 1026 3114 vivere
1057 3046 1429 3172 Ριειιοίεἰοιιθ
1473 3045 1644 3116 sacta
1670 3046 1753 3116 ab
1781 3049 1965 3118 omni
1994 3050 2338 3119 homicidio
2386 3055 2560 3132 etc„
2600 3056 2664 3120 et

653 3154 1129 3243 owsequentM,
1178 3155 1229 3227 i.
1280 3178 1342 3226 e.
1375 3178 1521 3246 quae
1553 3155 1754 3225 tendit
1785 3158 1868 3228 in
1914 3158 2288 3250 objectum,
2342 3165 2534 3252 prout
2570 3164 2665 3228 est

635 3262 934 3331 vestitum
973 3263 1274 3334 omnibus
1307 3264 1836 3348 circumstantiis,
1873 3268 1963 3335 sic
1992 3268 2287 3361 princeps
2319 3267 2524 3347 sciens
2544 3269 2664 3337 ho-

639 3356 894 3439 minem
921 3392 960 3439 a
989 3366 1192 3440 Paulo
1223 3372 1507 3440 occisum
1537 3395 1669 3443 esse
1693 3426 1709 3453 ‚
1754 3373 1893 3445 vult
1922 3375 2107 3444 Pauli
2141 3377 2398 3468 poenasn
2417 3402 2443 3456 ,·
2486 3378 2663 3444 unde

638 3476 1052 3576 applicatione
1085 3479 1250 3549 facta
1277 3531 1296 3561 ,
1343 3479 1517 3549 Deus
1544 3484 1849 3550 voluntate
1874 3485 2245 3551 antecedenti
2267 3484 2407 3552 vult
2433 3506 2664 3553 omnes

636 3579 933 3657 homines
983 3586 1187 3657 salvos
1241 3588 1422 3668 fieri,
1476 3589 1678 3658 sciens
1707 3595 1925 3658 autem
1978 3593 2174 3659 talem
2217 3591 2553 3660 hominem
2593 3594 2665 3661 in

638 3688 900 3790 peccato
933 3697 1320 3768 moriturum
1340 3746 1361 3776 ,
1400 3700 1704 3767 voluntate
1736 3704 2108 3794 consequenti
2146 3697 2282 3772 vult
2307 3702 2442 3792 ejus
2466 3700 2666 3798 dam7

640 3803 993 3876 nationem.

729 3941 798 4014 3⁰
844 3946 1188 4016 Possit-avam
1216 4000 1233 4029 ,
1267 3971 1313 4020 1.
1347 3971 1406 4021 e.
1440 3952 1571 4043 qua
1598 3917 1770 4021 Deus
1806 3956 2065 4046 positive
2098 3955 2232 4025 vult
2257 3953 2517 4046 aliquod
2539 3953 2663 4023 oh-
