2988 4832
1384 404 1507 473 ‹45

420 532 486 602 ‚et
515 533 739 599 tamen
780 532 847 597 et
875 528 1072 601 homo
1099 536 1193 600 est
1234 532 1581 605 substantia
1617 542 1682 606 et
1711 536 1871 629 lapis
1901 542 1998 608 est
2040 531 2385 608 substantia
2412 579 2433 613 ,

422 636 574 726 quia
593 641 727 704 tam
746 634 852 703 hic
879 657 1078 727 quam
1106 638 1214 707 ille
1242 641 1518 711 subsistit
1544 666 1661 735 per
1683 666 1753 714 se
1780 667 1902 716 nec
1923 644 2104 714 alteri
2128 649 2438 734 tanquam

424 741 704 834 subjecto
724 741 1016 814 inhaeret.
1049 743 1236 815 Unde
1263 749 1578 820 rationem
1605 752 1882 823 additam
1899 804 1921 833 ,
1947 754 2118 823 Dist.
2156 750 2226 821 Si
2252 747 2440 820 attri-

422 849 578 923 buta
608 850 739 919 sint
781 851 1188 922 essentialiter
1238 854 1483 927 diversa
1506 911 1523 938 ,
1575 860 1984 929 essentialiter
2032 859 2278 929 diversa
2321 855 2440 927 erit

425 956 770 1026 substantia
820 957 892 1025 in
938 981 1056 1025 esse
1096 961 1449 1031 substantiae
1482 987 1596 1034 seu
1647 972 1960 1056 quatenus
2010 967 2283 1037 subsistit
2323 985 2441 1056 per

424 1088 487 1135 se
504 1118 523 1146 ,
562 1066 723 1158 quin
755 1063 1035 1157 indigeat
1067 1069 1347 1160 subjecto
1377 1072 1741 1142 inhaesionis
1762 1128 1780 1155 ,
1817 1076 1974 1164 Neq.
2004 1070 2435 1143 Essentialiter

425 1176 667 1247 diversa
705 1173 823 1242 erit
873 1175 1220 1246 substantia
1260 1179 1330 1247 in
1374 1203 1492 1248 esse
1533 1184 1687 1250 entis
1710 1234 1729 1262 ,
1780 1205 1893 1252 seu
1931 1187 2247 1274 quatenus
2284 1179 2440 1248 inti-

422 1307 608 1354 mum
644 1310 761 1355 esse
797 1289 991 1357 unius
1028 1287 1393 1356 substantiae
1419 1310 1537 1380 per
1573 1311 1638 1357 se
1670 1289 2061 1360 subsistentis
2099 1290 2178 1358 sit
2218 1308 2440 1356 essen-

423 1393 651 1463 tialiter
690 1395 1014 1481 diversum
1048 1394 1130 1462 ab
1171 1395 1400 1463 intimo
1443 1419 1562 1463 esse
1589 1396 1849 1465 alterius
1885 1394 2245 1464 substantiae
2267 1445 2286 1473 ,
2330 1394 2442 1463 sed

380 1560 384 1567 .
423 1520 566 1588 quae
587 1500 821 1591 pariter
848 1521 963 1593 per
984 1524 1051 1570 se
1073 1501 1362 1570 subsistat
1376 1553 1394 1580 ,
1428 1508 1490 1570 et
1512 1510 1973 1594 consequenter
1994 1504 2074 1572 sit
2096 1500 2440 1569 substantia

420 1607 711 1679 distincta
736 1631 775 1678 a
801 1612 999 1703 priori
1024 1631 1160 1679 non
1197 1633 1315 1703 per
1341 1635 1458 1678 esse
1481 1611 1875 1691 substantias,
1913 1631 2026 1681 seu
2057 1631 2176 1702 per
2209 1611 2438 1677 subsis-

423 1729 543 1782 terc
569 1740 683 1805 per
724 1741 783 1784 se
805 1769 826 1797 ,
870 1716 981 1786 sed
1025 1740 1144 1809 per
1193 1719 1405 1810 ipsum
1442 1742 1560 1785 esse
1590 1720 1752 1786 entis
1783 1741 1899 1809 per
1937 1740 2003 1787 se
2051 1714 2391 1785 subsistens
2414 1769 2430 1793 ‚

426 1826 610 1894 Cone.
652 1831 717 1894 et
756 1828 910 1914 Neq.
950 1827 1131 1895 Cons.
1165 1825 1543 1895 Substantiae
1583 1828 1759 1894 enim
1789 1825 2062 1896 eandem
2107 1825 2440 1893 essentiam

420 1930 660 2000 habent
683 1934 1065 2014 substantioe,
1099 1955 1210 2002 seu
1235 1935 1303 2002 in
1325 1955 1402 2003 eo
1426 1934 1818 2003 conveniunt
1836 1984 1854 2012 ,
1895 1938 1971 2002 ut
2002 1932 2269 2022 singulae
2294 1932 2439 2000 sub-

358 2046 367 2053 “
419 2032 640 2109 sistant
680 2062 799 2132 per
836 2062 901 2109 se
923 2092 939 2120 ,
976 2041 1087 2109 sed
1115 2062 1249 2110 non
1278 2041 1522 2110 habent
1550 2063 1776 2110 omnes
1804 2041 2077 2110 eandem
2103 2040 2437 2109 essentiam

419 2147 608 2215 entis,
660 2143 945 2215 Demum
977 2147 1194 2238 plures
1224 2147 1596 2218 substantiae
1644 2154 1911 2243 possunt
1963 2149 2156 2218 etiam
2204 2147 2437 2214 habere

420 2257 878 2324 accidentalem
898 2256 1144 2325 diversa
1172 2256 1492 2327 attributa.
1520 2256 1690 2326 Nam
1717 2263 1779 2326 et
1800 2256 2151 2327 accidentia
2175 2262 2438 2347 possunt

419 2364 841 2458 multiplicare
878 2364 1252 2435 substantias
1267 2416 1286 2445 ,
1318 2364 1365 2438 i.
1398 2385 1460 2435 e.
1494 2365 1808 2444 indicare,
1844 2364 2061 2457 plures
2085 2384 2217 2432 esse
2249 2360 2438 2432 subs·

419 2474 648 2542 tantias
673 2526 691 2553 ,
720 2496 723 2504 ¹
763 2475 817 2542 si
857 2474 986 2541 sint
1027 2472 1147 2542 sibi
1206 2473 1688 2543 contradictorie
1723 2473 2006 2565 opposita
2059 2471 2193 2539 sive
2244 2472 2437 2536 eodem

419 2594 678 2671 tempore
696 2581 825 2650 sive
842 2584 1176 2650 successive.
1201 2581 1284 2650 Et
1304 2581 1566 2672 quidem
1589 2581 1936 2649 accidentia
1957 2577 2438 2648 contradictorie

421 2690 700 2781 opposita
734 2691 931 2756 codem
977 2702 1233 2780 tempore
1269 2690 1556 2758 indicant
1592 2688 1808 2780 plures
1844 2709 1978 2755 esse
2029 2685 2428 2755 substantias.

418 2795 588 2865 Nam
635 2797 982 2866 accidentia
1025 2796 1175 2865 talia
1216 2818 1339 2866 nec
1394 2802 1571 2867 extra
1615 2795 2028 2865 substantiam
2072 2814 2206 2868 esse
2234 2844 2253 2872 ‚
2311 2813 2437 2861 nec

332 2923 333 2928 ’
420 2906 646 2974 eodem
676 2913 962 3000 tempore
1000 2906 1209 2975 eidem
1247 2905 1609 2976 substantiae
1636 2905 1950 2973 inhaerere
1992 2906 2282 2994 possunt.
2331 2900 2437 2970 Sic

418 3020 589 3082 certe
631 3013 801 3083 idem
842 3036 1072 3107 corpus
1109 3036 1245 3083 non
1292 3018 1496 3105 potest
1537 3033 1672 3082 esse
1713 3011 1906 3081 simul
1950 3008 2331 3101 quadratum
2372 3013 2437 3075 et

419 3121 615 3189 simul
639 3122 991 3191 rotundum
1006 3176 1022 3203 ‚
1059 3144 1181 3191 nec
1209 3122 1434 3192 eadem
1464 3121 1683 3190 anima
1720 3117 1949 3188 eodem
1985 3121 2271 3206 tempore
2310 3113 2437 3180 ali-

417 3229 577 3319 quid
624 3230 828 3300 sciens
874 3237 939 3299 et
967 3231 1035 3300 id
1077 3232 1290 3323 ipsum
1327 3229 1639 3299 nesciens,
1672 3226 1839 3296 Dein
1868 3226 2059 3296 etiam
2087 3220 2438 3292 accidentia

390 3356 394 3360 ·
422 3340 899 3411 contradictorie
924 3341 1202 3432 opposita
1222 3341 1536 3406 successive
1560 3336 1842 3404 indicant
1857 3334 2072 3428 plures
2092 3350 2226 3399 esse
2251 3327 2437 3398 subs-

421 3450 669 3518 tantias,
724 3446 1031 3530 Quamvis
1084 3446 1260 3516 enim
1301 3467 1436 3515 una
1466 3443 1816 3534 eademque
1864 3436 2232 3510 substantia·
2256 3434 2437 3504 finita

423 3555 767 3626 successive
805 3555 1119 3647 oppositos
1154 3552 1378 3623 modos
1402 3552 1729 3646 ‘suscipere
1749 3602 1767 3630 ,
1806 3570 1873 3620 v:
1908 3571 1977 3641 g.
2017 3544 2244 3617 eadem
2271 3562 2436 3646 ’cera

422 3685 602 3738 nunc
644 3662 984 3755 quadrata,
1019 3662 1168 3731 dein
1196 3661 1471 3731 rotunda
1501 3683 1633 3732 esse
1681 3657 1907 3751 possit,
1943 3659 2162 3742 tamen
2191 3648 2433 3719 infinita

422 3772 769 3844 substantia
797 3793 909 3844 seu
937 3769 1140 3855 Deus,
1175 3771 1301 3844 hoc
1325 3772 1462 3863 ipso
1488 3768 1661 3863 quod
1707 3767 1787 3839 sit
1814 3762 2098 3850 absolute
2128 3761 2433 3828 immuta-
