2988 4832
1380 505 1461 578 17

410 623 495 701 ad
530 617 744 700 illud·
726 616 889 699 Ἕω
917 613 1128 701 nihilo
1154 616 1319 702 {nihil
1360 638 1456 724 fit,
1468 617 2020 725 respondendum
2051 630 2148 709 sit,
2185 629 2253 700 in
2282 627 2423 700 Lo}

411 742 555 832 gica
600 738 872 808 vidimus
911 740 1018 832 (1).
1069 728 1334 812 Modum
1379 741 1673 834 quidem,
1724 762 1853 832 quo
1897 738 1997 820 id,
2048 737 2219 831 quod
2259 733 2423 809 nihil

411 852 568 926 erat,
617 846 872 938 incipiat
904 870 1036 918 esse
1075 848 1334 940 aliquid,
1386 871 1524 919 non
1561 847 2018 941 intelligimus,
2059 845 2171 915 sed
2214 869 2421 938 neque

411 951 734 1040 quomodo
784 974 860 1020 ex
902 955 1144 1023 somine
1188 956 1399 1034 arbor,
1449 979 1528 1027 ex
1572 955 1796 1025 arbore
1825 953 2036 1023 ‘flores
2074 957 2138 1021 'et
2184 953 2425 1023 fructus

409 1059 718 1138 oriantur,
748 1058 1182 1152 intelligimus,
1216 1066 1448 1154 etquis
1474 1069 1693 1134 tamen
1719 1062 1788 1132 id
1823 1060 1960 1132 fieri
1985 1056 2241 1150 negabit
2255 1060 2291 1127 2

1213 1276 1496 1349 CAPUT
1524 1276 1622 1348 ΙΙ.1

1170 1458 1262 1525 De
1303 1457 1681 1524 casualismo.

508 1663 616 1736 12.
684 1663 1072 1734 Casurum
1094 1712 1112 1741 ,
1152 1660 1421 1731 admisso
1450 1661 1577 1729 fato
1609 1666 1673 1728 ct
1699 1663 2144 1753 praesuppositfi
2195 1684 2423 1732 ncces-

407 1771 591 1840 sitate
637 1770 919 1841 materiae
964 1768 1410 1862 praeexistentis
1423 1819 1441 1846 ‚
1503 1773 1574 1836 ut
1624 1766 1835 1837 Deum
1887 1791 2020 1837 non
2073 1777 2420 1839 creatorem

413 1876 626 1948 solum
668 1878 949 1947 materiae
974 1927 992 1955 ‚
1035 1875 1146 1946 sed
1187 1875 1378 1945 etiam
1417 1876 1710 1967 opificem
1747 1876 1977 1944 mundi
2017 1897 2149 1945 csse
2187 1898 2423 1967 negare

414 1991 670 2078 possent
700 1985 808 2077 (2),
857 1985 1298 2053 formationem
1337 1982 1566 2053 mundi
1602 2006 1679 2052 cx
1715 1984 1941 2052 atomis
1975 1986 2425 2074 praeexistenti-

413 2090 539 2160 bus
575 2095 749 2160 casui
787 2092 1228 2161 attribuerunt.
1278 2089 1473 2161 Casus
1514 2114 1666 2160 vero
1705 2091 1939 2182 duplex
1972 2091 2271 2182 distIngui
2303 2116 2424 2184 po-

417 2205 538 2268 test
565 2224 584 2268 z
620 2202 922 2267 absolutus
940 2223 1052 2269 seu
1073 2200 1329 2268 effectus
1354 2201 1489 2268 sine
1520 2199 1658 2267 ulla
1692 2201 1882 2268 causa
1904 2206 2014 2266 aut
2033 2201 2419 2270 rationatum

414 2308 554 2377 sine
574 2309 710 2377 ulla
735 2309 977 2377 ratione
1007 2307 1354 2376 sufficiente
1376 2308 1483 2376 vel
1504 2308 1576 2376 in
1597 2329 1663 2375 se
1693 2308 1799 2375 vel
1825 2308 1894 2374 in
1926 2307 2049 2375 alio
2076 2359 2094 2384 .
2134 2307 2306 2398 quod
2326 2315 2420 2383 est

414 2413 768 2485 absurdum
793 2421 858 2486 et
883 2414 1306 2507 impossibile;
1347 2420 1411 2484 et
1449 2416 1790 2495 relativus,
1842 2415 1887 2484 i.
1934 2436 1992 2492 c,
2031 2416 2126 2483 vel
2165 2415 2425 2486 effectus

412 2523 814 2615 inopinatus,
864 2527 1044 2616 cujus
1068 2547 1255 2593 causa
1277 2524 1498 2614 ignota
1534 2528 1671 2606 est,
1725 2525 1818 2592 vel
1856 2523 2111 2595 effectus
2154 2546 2196 2594 a
2236 2526 2425 2594 causa

288 2683 295 2688 -
412 2637 647 2724 praeter
676 2633 1097 2738 intentionem
1122 2618 1526 2724 productus·

509 2781 626 2852 His
644 2784 979 2876 praemissis
996 2789 1271 2874 systema
1291 2782 1439 2865 hoc,
1463 2782 1640 2876 quod
1657 2782 2070 2854 aDcmocrito
2089 2784 2424 2858 inventum

418 2896 486 2959 et
510 2890 595 2958 ab
615 2889 891 2981 Epicuro
918 2893 1191 2961 maxime
1223 2892 1611 2961 illustratum
1646 2892 1959 2961 increduli
1995 2893 2288 2970 moderni
2308 2913 2423 2963 va-

416 2998 532 3067 riis
566 2993 1132 3067 modificationibus
1162 2998 1545 3078 adornatum
1579 3021 1924 3091 recoquere
1966 3022 2101 3070 non
2139 3002 2426 3071 erubue-

420 3110 582 3174 runt
600 3156 618 3184 ,
659 3104 875 3194 paucis
894 3127 1280 3197 exponemus
1303 3112 1492 3197 atque
1536 3107 1625 3175 ita
1664 3093 2080 3177 refutabimus
2108 3160 2125 3186 ,
2170 3113 2243 3176 ut
2285 3112 2422 3198 ejus

420 3216 570 3280 utut
598 3211 938 3281 modificati
963 3214 1069 3282 vel
1088 3213 1494 3284 modificandi
1515 3213 1863 3298 absurditas
1884 3220 1949 3284 et
1971 3215 2223 3287 interna
2262 3237 2421 3286 con-

420 3318 711 3390 tradictio
748 3320 1172 3415 undequaque
1209 3328 1439 3414 pateat.

492 3557 561 3624 (1)
588 3557 704 3622 Loq.
735 3557 871 3609 Part.
902 3556 967 3609 11.
994 3558 1120 3611 Sect.
1145 3563 1193 3611 3.
1220 3560 1338 3623 Cap.
1367 3560 1498 3611 1.1u
1522 3560 1711 3623 Obiect.
1740 3564 2070 3626 2.png.129.

490 3646 562 3711 (2)
596 3647 756 3711 Nam,
789 3648 865 3699 uti
899 3647 1079 3700 Cicero
1101 3651 1288 3701 habet·
1320 3650 1390 3700 De
1423 3654 1543 3701 πασέ
1544 3654 1605 3702 r·²
1634 3653 1783 3703 Deor.
1810 3653 1853 3705 1.
1880 3655 1974 3716 2⁰,
2008 3651 2077 3702 ita
2094 3659 2427 3717 queremutur
2500 3673 2506 3684 ·

424 3717 582 3780 Epicu
524 3717 693 3770 mirei.
717 3720 956 3785 Imposuis
911 3721 1023 3769 wtis
1072 3736 1249 3771 nzoerv
1234 3720 1387 3771 icibus
1403 3726 1559 3772 nostr-1
1513 3725 1589 3773 ris
1609 3739 1762 3783 sempr
1745 3725 1957 3774 itemum
1974 3723 2256 3789 dominum,
2286 3739 2428 3791 quem

429 3790 542 3840 dies
566 3793 614 3839 et
642 3792 801 3841 noctes
838 3792 1138 3844 timeremus.
1172 3792 1290 3853 Quis
1263 3794 1450 3843 sicum
1481 3810 1578 3846 non
1613 3796 1782 3846 timeat
1814 3795 2429 3921 οηιηίίαρνουάεηὶεηιω
2381 3794 2433 3845 ei

430 3860 721 3944 cogitantem
747 3864 798 3912 et
822 3862 1285 3914 animadvertentem
1316 3867 1366 3915 et
1392 3868 1558 3920 omnia
1586 3866 1658 3922 ad
1683 3881 1738 3921 ee
1761 3865 2011 3937 Fufium
2028 3871 2429 3936 putantemeu-
2293 3903 2314 3938 9

433 3931 625 3984 riorum
655 3935 705 3989 et
721 3931 926 4003 plenum
960 3936 1173 4004 nequest,
1214 3936 1368 3991 Deum
1389 3940 1421 3989 t
