2988 4832
1496 503 1505 510 -
1575 464 1708 534 280

1321 692 1955 796 ossJEc'moNES.

722 908 873 981 118.
912 912 1081 983 OBJ.
1128 915 1191 983 1⁰
1226 913 1374 984 Non
1400 918 1605 1008 magis
1631 917 1801 985 valet
1829 926 2177 987 consensus
2206 895 2551 986 hominum
2576 915 2660 986 in

628 1021 1019 1091 admittenda
1041 1021 1418 1100 divinitate,
1440 1046 1637 1114 quam
1662 1023 1732 1092 in
1767 1024 2158 1095 admittendo
2181 1024 2657 1115 polytheismm

628 1123 1024 1208 idololatria,
1050 1136 1232 1199 motu
1279 1130 1426 1201 solis
1473 1136 1646 1202 etc..
1685 1132 1908 1222 atqui
1891 1154 1962 1201 m
2008 1131 2110 1201 his
2159 1128 2326 1199 nihil
2368 1130 2655 1221 proban

630 1256 783 1322 ergo
821 1256 944 1304 nec
967 1258 1085 1328 pro
1113 1237 1248 1307 illa.
2225 1266 2261 1293 ··

717 1359 802 1434 R.
845 1365 936 1433 Ν.
979 1365 1147 1452 Maj.
1198 1355 1388 1434 Nam
1412 1364 1644 1456 ingens
1679 1370 1774 1436 est
1817 1364 2163 1434 discrimen
2187 1363 2355 1434 inter
2390 1367 2663 1431 utrum-

629 1495 757 1565 que
796 1493 1203 1542 consensum.
1276 1472 1610 1566 Consensus
1652 1474 1830 1541 enim
1874 1474 2044 1541 circa
2077 1472 2543 1562 polytheismum
2591 1473 2667 1539 et

630 1580 1059 1648 idololatriam
1086 1600 1210 1660 non
1249 1580 1378 1665 fuit
1418 1580 1481 1648 1⁰
1506 1581 1909 1659 universali&
1941 1600 2093 1647 cum
2125 1582 2205 1666 ⁸et
2240 1578 2518 1670 populus
2535 1579 2663 1669 ju·-

633 1688 848 1762 daicus
861 1691 925 1755 et
948 1685 1135 1775 multi
1153 1709 1230 1754 ex
1250 1687 1590 1777 gentilibus
1605 1739 1622 1766 ,
1656 1687 1754 1754 uti
1777 1684 1813 1753 J
1814 1685 1897 1754 oh
1917 1738 1934 1764 ‚
1958 1707 2183 1772 unum
2202 1679 2422 1755 Deum
2441 1708 2657 1778 agno-

632 1795 878 1872 verint,
912 1795 1045 1861 imo
1070 1797 1175 1862 vix
1197 1811 1368 1862 unus
1396 1795 1473 1862 sit
1499 1817 1576 1862 ex
1613 1775 2094 1884 sapientioribus
2121 1846 2138 1873 ,
2189 1794 2304 1884 qui
2341 1816 2476 1862 non
2500 1816 2656 1863 cum

636 1902 892 1971 Socrate
914 1954 931 1981 ,
984 1900 1249 1970 Platone
1266 1953 1283 1979 ‚
1320 1899 1679 1992 Pythagora
1703 1952 1720 1979 ,
1777 1898 1988 1969 Tullio
2012 1952 2029 1978 ‚
2077 1899 2321 1969 Seneca
2342 1893 2473 1969 etc.
2504 1901 2655 1991 plu-

636 2009 949 2078 ralitatem
970 2008 1255 2078 Deorum
1280 2010 1350 2077 in
1381 2010 1623 2099 scriptis
1653 2009 1779 2077 suis
1822 2009 2147 2098 rejecerit,
2186 2008 2334 2076 lIcet
2356 2060 2372 2086 ‚
2423 2012 2497 2075 ut
2532 2030 2654 2099 po-

637 2118 828 2209 pulus
844 2170 861 2197 ,
903 2117 1121 2208 plures
1158 2116 1324 2186 Deos
1346 2116 1580 2209 patrios
1609 2115 1866 2185 coleret.
1901 2117 2027 2184 Nec
2051 2116 2118 2184 2⁰
2151 2126 2429 2183 constans
2437 2140 2463 2195 ‚⁰
2499 2137 2654 2185 cum

638 2245 762 2294 nec
786 2230 935 2294 unte
963 2225 1278 2294 diluvium
1294 2275 1311 2302 ,
1362 2244 1483 2292 πιθα
1521 2224 1652 2293 fere
1684 2228 1822 2314 post
1849 2221 2174 2291 Christum
2195 2221 2491 2314 viguerit.
2523 2225 2651 2293 Nec

569 2405 574 2414 ι
640 2329 710 2398 3⁰
744 2332 1116 2419 uniformis‚·
1148 2353 1300 2400 cum
1330 2353 1451 2400 πιθα
1479 2351 1660 2422 aeque
1684 2332 1920 2399 multos
1939 2382 1955 2408 ‚
2001 2351 2124 2398 πιθα
2151 2329 2411 2399 cosdem
2440 2351 2649 2421 neque

639 2439 865 2508 eodem
904 2440 1033 2508 ritu
1078 2439 1161 2530 (1)
1203 2440 1362 2508 varii
1395 2438 1616 2530 populi
1657 2438 1823 2508 Deos
1856 2438 2189 2507 coluerint.
2243 2437 2434 2507 Unde
2468 2439 2648 2507 facile

637 2546 791 2614 huic
840 2547 1178 2615 consensui
1222 2546 1382 2614 alius
1420 2547 1564 2615 fons
1583 2598 1603 2625 ,
1647 2569 1844 2638 quam
1893 2552 2063 2614 recta
2096 2547 2253 2616 ratio
2275 2597 2294 2625 ,
2343 2548 2648 2639 assignari

638 2657 877 2742 potest,
928 2674 1161 2743 nempe
1202 2652 1308 2721 vel
1340 2653 1700 2745 ignorantia
1721 2704 1739 2733 ,
1789 2674 1943 2722 cum
1969 2655 2075 2724 vix
2100 2660 2443 2746 caperent,
2485 2678 2642 2746 quo-

636 2769 831 2839 modo
845 2789 1028 2859 unus
1058 2770 1275 2838 omnia
1296 2776 1545 2862 regeret
1566 2797 1585 2852 ς
1618 2770 1722 2839 vel
1746 2770 1934 2838 variae
1964 2769 2136 2861 apud
2156 2770 2363 2838 varios
2385 2771 2649 2862 populos

638 2878 1003 2969 cupiditates
1019 2930 1035 2955 ,
1081 2877 1355 2947 adulatio
1384 2901 1537 2969 erga
1565 2878 1880 2969 principes
1917 2883 2040 2947 etc.
2083 2876 2358 2958 Quaestio
2390 2885 2596 2946 autem
2623 2932 2640 2959 ,
2672 2943 2678 2948 .

637 3010 722 3052 cm
751 2988 845 3051 sol
861 3037 879 3063 ,
916 3008 1002 3052 an
1028 3009 1165 3053 vero
1193 2999 1365 3052 terra
1388 2999 1728 3064 moveatur,
1760 3010 1846 3053 an
1865 2986 2176 3074 antipodes
2200 2987 2469 3053 exista-nt
2499 2993 2639 3066 etc„
2686 3006 2689 3013 ²

636 3094 832 3163 relate
855 3091 938 3161 ad
959 3096 1153 3160 usum
1177 3097 1243 3159 et
1260 3092 1595 3162 utilitatem
1614 3093 1956 3161 hominum
1979 3097 2112 3160 tam
2141 3092 2506 3163 indifferens
2523 3101 2636 3172 est,

637 3205 711 3271 ut
739 3200 905 3269 nulli
937 3200 1215 3268 examini
1242 3197 1524 3290 subJecta
1545 3252 1564 3280 ,
1599 3200 1780 3269 facile
1808 3222 1887 3270 ex
1912 3199 2048 3268 sola
2077 3199 2354 3268 sensuali
2382 3201 2642 3292 impres-

636 3309 815 3376 sione
846 3306 1248 3398 dijudicetur.
1325 3392 1328 3397 ῃ
2049 3330 2054 3336 ·
2204 3332 2207 3333 ’

726 3445 897 3516 OBJ.
938 3445 1005 3514 2⁰
1036 3444 1183 3514 Idea
1217 3444 1337 3514 Dei
1362 3451 1455 3514 est
1476 3446 1618 3516 idea
1646 3445 1808 3516 entis
1842 3446 2092 3516 infinite
2126 3447 2393 3539 perfecti
2428 3474 2445 3516 z
2487 3428 2651 3539 atqui

638 3555 959 3646 plcraeque
1008 3554 1299 3643 nationes
1328 3576 1462 3622 non
1496 3560 1955 3625 consenserunt
1981 3555 2053 3625 in
2088 3554 2481 3643 admittendo
2511 3562 2647 3625 ente

639 3661 883 3730 infinite
907 3661 1187 3753 perfecto
1212 3689 1230 3744 ς
1263 3684 1532 3754 ergo....

703 3889 770 3952 (1)
792 3888 918 3943 vide
936 3888 1187 3956 Secu-seq.
1213 3890 1331 3956 Cap.
1359 3895 1406 3944 1.
1432 3892 1501 3944 De
1527 3895 1710 3945 unita&
1732 3896 1819 3946 Dei
1839 3912 1857 3947 .·
1881 3899 2052 3950 notam
2071 3894 2122 3953 2‘.
