2988 4832
298 566 461 657 poris
503 566 814 661 possibilis
855 560 1261 638 momentum
1306 562 1704 639 distributive·
1745 569 2119 661 sumptum}
2153 571 2309 665 θέει)

298 677 485 743 etiam
532 680 683 744 ante
728 695 926 745 omne
975 672 1300 743 collective
1349 676 1682 763 sumptum
1706 723 1727 753 ,
1779 672 2064 768 adeoque
2106 680 2311 770 potest

297 804 424 851 esse
449 786 752 852 aeternus.

379 891 465 964 R.
510 892 583 962 C.
628 892 780 962 Ant.
807 891 946 965 Hoc
983 892 1163 965 enim
1186 892 1362 966 aliud
1389 911 1528 966 non
1555 887 1784 976 sonat.
1805 915 2004 989 quam
2030 893 2103 971 in
2123 896 2309 971 omni

293 1007 576 1094 tempore
593 1001 872 1093 posfflbili
892 1000 1149 1074 nullum
1179 1007 1588 1075 momentum
1602 1002 1911 1095 assignari
1927 1025 2129 1095 posse,
2155 1011 2308 1079 ante

295 1109 466 1199 quod
482 1109 765 1210 mundus
789 1131 831 1178 a
870 1108 1008 1180 Deo
1032 1110 1203 1181 effici
1236 1131 1373 1181 non
1396 1112 1693 1203 potuerit,
1720 1111 1810 1182 ita
1841 1112 2101 1191 scilieet,
2137 1115 2305 1184 utin

293 1217 401 1301 illo
417 1237 669 1311 semper
693 1217 949 1290 initium
967 1218 1288 1290 habuisset
1318 1219 1647 1292 existendi.
1684 1218 1803 1290 Ast
1830 1220 1919 1293 N.
1957 1221 2139 1293 cons.
2167 1218 2308 1291 Hoc

295 1326 468 1397 enim
485 1324 813 1397 manifeste
837 1330 1175 1418 repugnat.
1223 1325 1348 1411 Qui
1371 1328 1550 1397 enim
1569 1327 1772 1422 ponit,
1804 1327 2129 1397 mundum
2151 1334 2302 1399 ante

295 1453 487 1507 omne
513 1432 814 1525 temporis
831 1433 1139 1526 possibilis
1163 1440 1572 1512 momentum
1601 1434 1930 1504 collective
1975 1441 2308 1529 sumptum

294 1542 549 1625 existere
570 1542 839 1632 potuisse
859 1593 879 1623 ‚
914 1542 1041 1611 hoe
1061 1543 1196 1633 ipso
1218 1542 1544 1611 mundum
1566 1548 1853 1612 creatum
1878 1541 2099 1637 spoliat
2117 1544 2300 1613 initio

295 1647 639 1731 existendi;
677 1648 936 1721 nullum
987 1651 1165 1719 enim
1220 1651 1477 1720 initium
1515 1650 1711 1717 habet
1756 1673 1950 1719 omne
2000 1653 2325 1745 temporis

295 1754 600 1849 possibilis
620 1763 1027 1829 momentum
1065 1756 1388 1827 collective
1416 1762 1774 1848 sumptum.
1824 1755 2142 1827 Caeterum
2165 1758 2309 1827 haec

297 1864 561 1956 objectio
587 1868 682 1933 est
706 1863 979 1934 absurda
1023 1869 1087 1933 et
1114 1885 1346 1960 pamm
1377 1863 1762 1956 profundam
1809 1862 2308 1954 metaphysieam

295 1970 527 2071 prodit.
560 1969 871 2066 Supponit
897 1973 1074 2043 enim
1097 2024 1115 2053 ,
1150 1973 1330 2063 quasi
1356 1973 1427 2043 in
1456 1979 1743 2064 tempore
1769 1970 2048 2065 possibili
2073 1971 2308 2043 dentur

297 2086 623 2155 momenta
648 2081 1072 2175 assignabilia.
1121 2080 1324 2150 Porro
1354 2081 1426 2151 in
1471 2089 1756 2177 tempore
1801 2080 2079 2173 possibili
2120 2104 2301 2175 aeque

293 2211 524 2287 parum
547 2186 782 2260 dantur
810 2195 1141 2261 momenta
1163 2188 1588 2281 assignabilia,
1612 2211 1809 2282 quam
1835 2190 1907 2257 in
1940 2189 2136 2280 spatio
2166 2212 2308 2282 pos-

296 2297 459 2366 sibili
477 2296 621 2366 loca
646 2297 1093 2389 assignabilia.
1111 2295 1515 2390 Momentum
1538 2298 1716 2366 enim
1740 2297 2114 2390 assignabile
2138 2298 2308 2367 indi-

296 2411 393 2474 cat
419 2406 794 2476 relationem
823 2405 906 2476 ad
929 2404 1052 2475 alia
1077 2411 1406 2476 momenta
1428 2408 1563 2499 jam
1592 2405 1717 2475 fixa
1741 2459 1758 2486 ‚
1804 2406 1964 2476 sicut
1991 2406 2170 2476 locus
2200 2414 2336 2476 εις-ἑ

294 2513 617 2606 signabilis
641 2514 879 2584 indicat
905 2514 1279 2584 relationem
1306 2513 1389 2584 ad
1433 2501 1560 2586 alia'
1584 2514 1726 2584 loca
1752 2516 1893 2604 jam
1936 2512 2085 2586 fixa.
2135 2512 2307 2583 Hinc

295 2644 374 2691 ne
405 2620 581 2694 Deus
625 2622 887 2715 quidem
915 2627 1118 2715 potest
1160 2623 1232 2691 in
1265 2627 1550 2714 tempore
1585 2645 1633 2714 p
1650 2621 1887 2693 ossibili
1928 2644 2046 2715 pro
2078 2623 2308 2698 mundi

295 2731 618 2803 existentia
645 2730 772 2802 hoc
796 2733 1036 2824 potine,
1070 2751 1269 2822 quam
1286 2731 1448 2802 illud
1475 2736 1883 2801 momentum
1900 2730 2130 2823 eligere
2150 2760 2167 2814 3
2195 2730 2308 2802 sed

278 2839 515 2932 'volens
544 2860 761 2912 creare
789 2839 1110 2910 mundum
1128 2890 1149 2919 ‚
1191 2839 1370 2917 vult,
1400 2844 1479 2909 ut
1517 2837 1801 2909 mundus
1825 2838 2041 2909 existat
2061 2889 2081 2919 ‚
2115 2845 2308 2930 prout

297 2948 556 3017 existere
611 2953 848 3041 potest,
888 2948 941 3017 i.
981 2969 1044 3017 e.
1084 2969 1238 3017 cum
1271 2947 1452 3016 initio
1489 2945 1814 3017 existendi.
1883 2944 2069 3028 Quod
2095 2946 2150 3016 si
2188 2966 2307 3016 nos

297 3077 472 3127 nunc
499 3056 731 3126 mundi
750 3056 1161 3134 existentiam,
1195 3060 1351 3147 quot
1375 3054 1658 3124 millenis
1672 3054 1860 3124 annis
1886 3052 2301 3129 voluerimuS‚

297 3165 757 3260 antiquiorem.
784 3165 1066 3260 adeoque
1095 3184 1137 3234 a
1161 3167 1488 3270 momento
1523 3164 1664 3254 jam
1704 3160 1830 3231 fixo
1863 3158 2120 3230 actualis
2144 3179 2304 3226 nos-

296 3273 756 3345 traeexistentiae
780 3273 1060 3365 priorem
1074 3291 1410 3366 ponamus,
1451 3296 1493 3340 a
1511 3283 1694 3361 parte
1717 3281 1857 3339 ante
1884 3274 2101 3337 tamen
2132 3265 2304 3335 idem

297 3384 548 3478 tempus
574 3379 864 3474 possibile
885 3381 1315 3474 praeoessisset,
1361 3401 1474 3451 seu
1503 3367 1787 3450 mundus
1809 3376 2003 3447 relate
2025 3374 2106 3443 ad
2128 3379 2304 3443 tem-

298 3511 414 3579 pus
461 3487 754 3581 possibile
813 3486 1179 3582 praecedens
1217 3510 1353 3558 non
1391 3488 1568 3579 prius
1604 3509 1717 3557 seu
1759 3486 1939 3557 citius
1984 3484 2295 3556 extitisset.

291 3585 580 3697 Tempus
615 3596 796 3668 enim
845 3596 1136 3691 possibile
1181 3601 1274 3667 est
1317 3596 1689 3689 possibilitas
1737 3616 1982 3666 success
1983 3592 2144 3661 ionis
2188 3616 2301 3663 seu

298 3704 669 3808 possibilitas
693 3726 915 3778 rerum
949 3703 1426 3774 succedentium
1448 3705 1574 3801 (1),
1612 3726 1756 3799 quae
1781 3710 1873 3773 est
1897 3708 2154 3772 aeterna.
2182 3701 2300 3770 Er-

365 3891 431 3955 (1)
452 3892 582 3943 Vide
605 3891 764 3945 υπτοῖ.
788 3893 919 3945 Part.
943 3892 1006 3944 Π.
1035 3894 1168 3946 Sect.
1192 3899 1239 3947 8.
1262 3899 1380 3957 Gap.
1401 3898 1449 3945 3.
1476 3897 1583 3944 Art.
1605 3892 1791 3956 srag.
1841 3892 1969 3955 2943
2011 3889 2301 3955 quodecim

302 3961 372 4018 ibi
401 3961 448 4020 di
451 3962 576 4020 citur
595 3962 659 4022 de
677 3964 838 4038 spano
860 4000 876 4035 ,
905 3964 1054 4024 etiam
1073 3976 1218 4025 sensu
1238 3966 1503 4058 respective
1525 3967 1587 4022 de
1604 3966 1776 4041 tempov
1780 3977 1818 4018 e
1836 3962 1932 4020 diei
1945 3930 2116 4028 1'10test.
