<?xml version="1.0" encoding="UTF-8"?>
<!DOCTYPE html PUBLIC "-//W3C//DTD XHTML 1.0 Transitional//EN"
    "http://www.w3.org/TR/xhtml1/DTD/xhtml1-transitional.dtd">
<html xmlns="http://www.w3.org/1999/xhtml" xml:lang="en" lang="en">
 <head>
  <title>
</title>
<meta http-equiv="Content-Type" content="text/html;charset=utf-8" />
  <meta name='ocr-system' content='tesseract 3.04.00' />
  <meta name='ocr-capabilities' content='ocr_page ocr_carea ocr_par ocr_line ocrx_word'/>
</head>
<body>
  <div class='ocr_page' id='page_1' title='image "./institutionesph00rothgoog_0436.png"; bbox 0 0 2988 4832; ppageno 0'>
   <div class='ocr_carea' id='block_1_1' title="bbox 558 618 2603 1484">
    <p class='ocr_par' dir='ltr' id='par_1_1' title="bbox 558 618 2603 1484">
     <span class='ocr_line' id='line_1_1' title="bbox 580 618 2603 715; baseline -0.001 -22"><span class='ocrx_word' id='word_1_1' title='bbox 580 642 840 695; x_wconf 83' lang='lat' dir='ltr'><strong>causam</strong></span> <span class='ocrx_word' id='word_1_2' title='bbox 879 624 987 693; x_wconf 82' lang='lat' dir='ltr'><strong>sui</strong></span> <span class='ocrx_word' id='word_1_3' title='bbox 1002 623 1370 695; x_wconf 74' lang='lat' dir='ltr'><strong>existentem</strong></span> <span class='ocrx_word' id='word_1_4' title='bbox 1399 642 1439 693; x_wconf 86' lang='lat' dir='ltr'><strong>a</strong></span> <span class='ocrx_word' id='word_1_5' title='bbox 1468 644 1536 692; x_wconf 88' lang='lat' dir='ltr'><strong>se</strong></span> <span class='ocrx_word' id='word_1_6' title='bbox 1566 630 1630 693; x_wconf 89' lang='lat' dir='ltr'><strong>et</strong></span> <span class='ocrx_word' id='word_1_7' title='bbox 1658 618 2005 695; x_wconf 84' lang='lat' dir='ltr'><strong>necessario</strong></span> <span class='ocrx_word' id='word_1_8' title='bbox 2033 644 2053 706; x_wconf 66' lang='grc' dir='ltr'><strong><em>ς</em></strong></span> <span class='ocrx_word' id='word_1_9' title='bbox 2102 638 2297 715; x_wconf 79' lang='lat' dir='ltr'><strong>quam</strong></span> <span class='ocrx_word' id='word_1_10' title='bbox 2326 623 2543 715; x_wconf 70' lang='lat' dir='ltr'><strong>ordine</strong></span> <span class='ocrx_word' id='word_1_11' title='bbox 2572 634 2603 703; x_wconf 72' lang='lat'><strong>‚⁴</strong></span> 
     </span>
     <span class='ocr_line' id='line_1_2' title="bbox 570 731 2601 825; baseline -0.001 -23"><span class='ocrx_word' id='word_1_12' title='bbox 570 732 685 821; x_wconf 88' lang='lat' dir='ltr'><strong>qui</strong></span> <span class='ocrx_word' id='word_1_13' title='bbox 736 732 930 824; x_wconf 75' lang='lat' dir='ltr'><strong>exigit</strong></span> <span class='ocrx_word' id='word_1_14' title='bbox 968 733 1267 825; x_wconf 76' lang='lat' dir='ltr'><strong>primum</strong></span> <span class='ocrx_word' id='word_1_15' title='bbox 1312 732 1595 824; x_wconf 76' lang='lat' dir='ltr'><strong>aliquem</strong></span> <span class='ocrx_word' id='word_1_16' title='bbox 1631 731 2036 803; x_wconf 83' lang='lat' dir='ltr'><strong>ordinantem</strong></span> <span class='ocrx_word' id='word_1_17' title='bbox 2084 738 2258 801; x_wconf 85' lang='lat' dir='ltr'><strong>extra</strong></span> <span class='ocrx_word' id='word_1_18' title='bbox 2306 733 2601 801; x_wconf 85' lang='lat' dir='ltr'>ordinem</span> 
     </span>
     <span class='ocr_line' id='line_1_3' title="bbox 569 838 2601 932; baseline -0.002 -23"><span class='ocrx_word' id='word_1_19' title='bbox 569 838 1049 911; x_wconf 62' lang='lat' dir='ltr'><strong>ordinatorum</strong></span> <span class='ocrx_word' id='word_1_20' title='bbox 1066 839 1359 910; x_wconf 88' lang='lat' dir='ltr'><strong>Tandem</strong></span> <span class='ocrx_word' id='word_1_21' title='bbox 1388 839 1509 911; x_wconf 85' lang='lat' dir='ltr'><strong>Dei</strong></span> <span class='ocrx_word' id='word_1_22' title='bbox 1537 839 1929 911; x_wconf 77' lang='lat' dir='ltr'><strong>existentiam</strong></span> <span class='ocrx_word' id='word_1_23' title='bbox 1949 839 2273 932; x_wconf 80' lang='lat' dir='ltr'><strong>postulant</strong></span> <span class='ocrx_word' id='word_1_24' title='bbox 2302 845 2436 908; x_wconf 83' lang='lat' dir='ltr'><strong>tam</strong></span> <span class='ocrx_word' id='word_1_25' title='bbox 2460 861 2601 906; x_wconf 80' lang='lat' dir='ltr'><strong>con-</strong></span> 
     </span>
     <span class='ocr_line' id='line_1_4' title="bbox 574 946 2599 1040; baseline -0.002 -23"><span class='ocrx_word' id='word_1_26' title='bbox 574 971 779 1019; x_wconf 69' lang='lat' dir='ltr'><strong>sensus</strong></span> <span class='ocrx_word' id='word_1_27' title='bbox 787 947 1175 1040; x_wconf 61' lang='lat' dir='ltr'><strong>populorum,</strong></span> <span class='ocrx_word' id='word_1_28' title='bbox 1199 949 1311 1039; x_wconf 85' lang='lat' dir='ltr'><strong>qui</strong></span> <span class='ocrx_word' id='word_1_29' title='bbox 1333 947 1455 1017; x_wconf 86' lang='lat' dir='ltr'><strong>nisi</strong></span> <span class='ocrx_word' id='word_1_30' title='bbox 1471 946 1542 1016; x_wconf 84' lang='lat' dir='ltr'><strong>in</strong></span> <span class='ocrx_word' id='word_1_31' title='bbox 1556 949 1815 1018; x_wconf 82' lang='lat' dir='ltr'><strong>veritate</strong></span> <span class='ocrx_word' id='word_1_32' title='bbox 1833 946 2089 1016; x_wconf 81' lang='lat' dir='ltr'><strong>fundari</strong></span> <span class='ocrx_word' id='word_1_33' title='bbox 2109 947 2332 1038; x_wconf 85' lang='lat' dir='ltr'><strong>nequit</strong></span> <span class='ocrx_word' id='word_1_34' title='bbox 2355 974 2373 1027; x_wconf 80' lang='lat'><em>3</em></span> <span class='ocrx_word' id='word_1_35' title='bbox 2397 965 2599 1036; x_wconf 85' lang='lat' dir='ltr'><strong>quam</strong></span> 
     </span>
     <span class='ocr_line' id='line_1_5' title="bbox 558 1053 2599 1147; baseline -0.001 -24"><span class='ocrx_word' id='word_1_36' title='bbox 558 1059 673 1125; x_wconf 16' lang='lat' dir='ltr'><strong>*lem</strong></span> <span class='ocrx_word' id='word_1_37' title='bbox 696 1057 1011 1127; x_wconf 48' lang='lat' dir='ltr'><strong>omnibus«</strong></span> <span class='ocrx_word' id='word_1_38' title='bbox 1027 1055 1401 1127; x_wconf 78' lang='lat' dir='ltr'><strong>hominihus</strong></span> <span class='ocrx_word' id='word_1_39' title='bbox 1428 1057 1721 1147; x_wconf 87' lang='lat' dir='ltr'><strong>imposita</strong></span> <span class='ocrx_word' id='word_1_40' title='bbox 1739 1106 1755 1133; x_wconf 95' lang='lat'>,</span> <span class='ocrx_word' id='word_1_41' title='bbox 1788 1059 1973 1145; x_wconf 85' lang='lat' dir='ltr'><strong>cujus</strong></span> <span class='ocrx_word' id='word_1_42' title='bbox 2001 1060 2222 1123; x_wconf 87' lang='lat' dir='ltr'><strong>auctor</strong></span> <span class='ocrx_word' id='word_1_43' title='bbox 2244 1053 2599 1123; x_wconf 80' lang='lat' dir='ltr'><strong>necessario</strong></span> 
     </span>
     <span class='ocr_line' id='line_1_6' title="bbox 558 1159 2592 1254; baseline -0.001 -22"><span class='ocrx_word' id='word_1_44' title='bbox 558 1168 665 1232; x_wconf 78' lang='lat' dir='ltr'><strong>est</strong></span> <span class='ocrx_word' id='word_1_45' title='bbox 702 1161 983 1232; x_wconf 84' lang='lat' dir='ltr'><strong>anterior</strong></span> <span class='ocrx_word' id='word_1_46' title='bbox 1011 1169 1076 1232; x_wconf 89' lang='lat' dir='ltr'><strong>et</strong></span> <span class='ocrx_word' id='word_1_47' title='bbox 1112 1165 1400 1254; x_wconf 77' lang='lat' dir='ltr'><strong>superior</strong></span> <span class='ocrx_word' id='word_1_48' title='bbox 1427 1164 1729 1234; x_wconf 87' lang='lat' dir='ltr'><strong>omnibus</strong></span> <span class='ocrx_word' id='word_1_49' title='bbox 1759 1163 2062 1230; x_wconf 82' lang='lat' dir='ltr'><strong>humanis</strong></span> <span class='ocrx_word' id='word_1_50' title='bbox 2099 1159 2592 1251; x_wconf 76' lang='lat' dir='ltr'><strong>legislatoribus·</strong></span> 
     </span>
     <span class='ocr_line' id='line_1_7' title="bbox 558 1284 2589 1380; baseline -0.001 -24"><span class='ocrx_word' id='word_1_51' title='bbox 558 1307 576 1321; x_wconf 80' lang='grc'><em>·</em></span> <span class='ocrx_word' id='word_1_52' title='bbox 656 1287 832 1378; x_wconf 83' lang='lat' dir='ltr'><strong>Ergo</strong></span> <span class='ocrx_word' id='word_1_53' title='bbox 861 1288 1064 1356; x_wconf 74' lang='lat' dir='ltr'><strong>existit</strong></span> <span class='ocrx_word' id='word_1_54' title='bbox 1093 1285 1265 1356; x_wconf 88' lang='lat' dir='ltr'><strong>Deus</strong></span> <span class='ocrx_word' id='word_1_55' title='bbox 1285 1341 1302 1367; x_wconf 90' lang='lat'>,</span> <span class='ocrx_word' id='word_1_56' title='bbox 1338 1306 1450 1357; x_wconf 86' lang='lat' dir='ltr'><strong>seu</strong></span> <span class='ocrx_word' id='word_1_57' title='bbox 1481 1306 1596 1357; x_wconf 86' lang='lat' dir='ltr'><strong>ens</strong></span> <span class='ocrx_word' id='word_1_58' title='bbox 1614 1340 1631 1367; x_wconf 91' lang='lat'>‚</span> <span class='ocrx_word' id='word_1_59' title='bbox 1667 1284 2306 1380; x_wconf 15' lang='lat' dir='ltr'><strong>quomajusqconcipi</strong></span> <span class='ocrx_word' id='word_1_60' title='bbox 2338 1288 2589 1376; x_wconf 82' lang='lat' dir='ltr'><strong>nequit,</strong></span> 
     </span>
     <span class='ocr_line' id='line_1_8' title="bbox 570 1395 1428 1484; baseline -0.002 -19"><span class='ocrx_word' id='word_1_61' title='bbox 570 1402 666 1465; x_wconf 84' lang='lat' dir='ltr'><strong>ast</strong></span> <span class='ocrx_word' id='word_1_62' title='bbox 691 1395 818 1465; x_wconf 77' lang='lat' dir='ltr'><strong>tale</strong></span> <span class='ocrx_word' id='word_1_63' title='bbox 845 1417 962 1463; x_wconf 87' lang='lat' dir='ltr'><strong>ens</strong></span> <span class='ocrx_word' id='word_1_64' title='bbox 994 1395 1119 1464; x_wconf 87' lang='lat' dir='ltr'><strong>hoc</strong></span> <span class='ocrx_word' id='word_1_65' title='bbox 1146 1396 1282 1484; x_wconf 88' lang='lat' dir='ltr'><strong>ipso</strong></span> <span class='ocrx_word' id='word_1_66' title='bbox 1311 1400 1428 1463; x_wconf 86' lang='lat' dir='ltr'><strong>est.</strong></span> 
     </span>
    </p>
   </div>
   <div class='ocr_carea' id='block_1_2' title="bbox 562 1529 2601 2160">
    <p class='ocr_par' dir='ltr' id='par_1_2' title="bbox 562 1529 2601 2160">
     <span class='ocr_line' id='line_1_9' title="bbox 562 1529 2595 1625; baseline -0.001 -25"><span class='ocrx_word' id='word_1_67' title='bbox 562 1552 573 1564; x_wconf 61' lang='lat'>²</span> <span class='ocrx_word' id='word_1_68' title='bbox 655 1529 751 1625; x_wconf 79' lang='lat' dir='ltr'><strong>b)</strong></span> <span class='ocrx_word' id='word_1_69' title='bbox 779 1532 918 1601; x_wconf 72' lang='lat' dir='ltr'><strong>Ena</strong></span> <span class='ocrx_word' id='word_1_70' title='bbox 943 1533 1215 1600; x_wconf 77' lang='lat' dir='ltr'><strong>unicum.</strong></span> <span class='ocrx_word' id='word_1_71' title='bbox 1260 1530 1430 1600; x_wconf 90' lang='lat' dir='ltr'><strong>Nam</strong></span> <span class='ocrx_word' id='word_1_72' title='bbox 1457 1554 1591 1601; x_wconf 92' lang='lat' dir='ltr'><strong>non</strong></span> <span class='ocrx_word' id='word_1_73' title='bbox 1620 1536 1778 1625; x_wconf 84' lang='lat' dir='ltr'><strong>esset</strong></span> <span class='ocrx_word' id='word_1_74' title='bbox 1830 1536 1994 1610; x_wconf 67' lang='lat' dir='ltr'><strong>ens‘,⁴</strong></span> <span class='ocrx_word' id='word_1_75' title='bbox 2023 1551 2154 1622; x_wconf 87' lang='lat' dir='ltr'><strong>quo</strong></span> <span class='ocrx_word' id='word_1_76' title='bbox 2181 1531 2391 1620; x_wconf 82' lang='lat' dir='ltr'><strong>majus</strong></span> <span class='ocrx_word' id='word_1_77' title='bbox 2424 1552 2595 1599; x_wconf 86' lang='lat' dir='ltr'><strong>con-</strong></span> 
     </span>
     <span class='ocr_line' id='line_1_10' title="bbox 571 1627 2589 1763; baseline -0.001 -55"><span class='ocrx_word' id='word_1_78' title='bbox 571 1636 700 1731; x_wconf 78' lang='lat' dir='ltr'><strong>cipi</strong></span> <span class='ocrx_word' id='word_1_79' title='bbox 730 1637 975 1731; x_wconf 81' lang='lat' dir='ltr'><strong>nequit,</strong></span> <span class='ocrx_word' id='word_1_80' title='bbox 1005 1637 1128 1707; x_wconf 88' lang='lat' dir='ltr'><strong>nisi</strong></span> <span class='ocrx_word' id='word_1_81' title='bbox 1149 1636 1231 1706; x_wconf 85' lang='lat' dir='ltr'><strong>ab</strong></span> <span class='ocrx_word' id='word_1_82' title='bbox 1247 1638 1373 1708; x_wconf 90' lang='lat' dir='ltr'><strong>hoc</strong></span> <span class='ocrx_word' id='word_1_83' title='bbox 1395 1640 1519 1706; x_wconf 80' lang='lat' dir='ltr'><strong>solo</strong></span> <span class='ocrx_word' id='word_1_84' title='bbox 1548 1629 1765 1707; x_wconf 86' lang='lat' dir='ltr'><strong>omnia</strong></span> <span class='ocrx_word' id='word_1_85' title='bbox 1790 1627 2141 1706; x_wconf 87' lang='lat' dir='ltr'><strong>necessario</strong></span> <span class='ocrx_word' id='word_1_86' title='bbox 2164 1634 2589 1763; x_wconf 57' lang='lat' dir='ltr'><strong>dependeant:</strong></span> 
     </span>
     <span class='ocr_line' id='line_1_11' title="bbox 569 1741 2601 1836; baseline 0 -23"><span class='ocrx_word' id='word_1_87' title='bbox 569 1750 636 1814; x_wconf 83' lang='lat' dir='ltr'><strong>et</strong></span> <span class='ocrx_word' id='word_1_88' title='bbox 661 1743 820 1814; x_wconf 90' lang='lat' dir='ltr'><strong>huic</strong></span> <span class='ocrx_word' id='word_1_89' title='bbox 840 1743 959 1813; x_wconf 72' lang='lat' dir='ltr'><strong>soli</strong></span> <span class='ocrx_word' id='word_1_90' title='bbox 981 1744 1202 1815; x_wconf 89' lang='lat' dir='ltr'><strong>omnia</strong></span> <span class='ocrx_word' id='word_1_91' title='bbox 1227 1741 1501 1815; x_wconf 88' lang='lat' dir='ltr'><strong>debeant</strong></span> <span class='ocrx_word' id='word_1_92' title='bbox 1528 1743 1637 1836; x_wconf 89' lang='lat'>(1).</span> <span class='ocrx_word' id='word_1_93' title='bbox 1665 1746 1802 1815; x_wconf 80' lang='lat' dir='ltr'><strong>Ens</strong></span> <span class='ocrx_word' id='word_1_94' title='bbox 1826 1742 2231 1812; x_wconf 79' lang='lat' dir='ltr'><strong>immutabile.</strong></span> <span class='ocrx_word' id='word_1_95' title='bbox 2277 1741 2441 1826; x_wconf 83' lang='lat' dir='ltr'><strong>Quia</strong></span> <span class='ocrx_word' id='word_1_96' title='bbox 2463 1766 2601 1834; x_wconf 88' lang='lat' dir='ltr'><strong>qua.</strong></span> 
     </span>
     <span class='ocr_line' id='line_1_12' title="bbox 569 1849 2600 1944; baseline 0 -24"><span class='ocrx_word' id='word_1_97' title='bbox 569 1851 929 1920; x_wconf 86' lang='lat' dir='ltr'><strong>necessario</strong></span> <span class='ocrx_word' id='word_1_98' title='bbox 964 1850 1216 1920; x_wconf 87' lang='lat' dir='ltr'><strong>infinite</strong></span> <span class='ocrx_word' id='word_1_99' title='bbox 1240 1853 1595 1944; x_wconf 86' lang='lat' dir='ltr'><strong>perfectum</strong></span> <span class='ocrx_word' id='word_1_100' title='bbox 1622 1873 1744 1922; x_wconf 87' lang='lat' dir='ltr'><strong>nec</strong></span> <span class='ocrx_word' id='word_1_101' title='bbox 1771 1854 1842 1920; x_wconf 92' lang='lat' dir='ltr'><strong>in</strong></span> <span class='ocrx_word' id='word_1_102' title='bbox 1862 1851 2094 1920; x_wconf 83' lang='lat' dir='ltr'><strong>melius</strong></span> <span class='ocrx_word' id='word_1_103' title='bbox 2120 1871 2243 1920; x_wconf 89' lang='lat' dir='ltr'><strong>nec</strong></span> <span class='ocrx_word' id='word_1_104' title='bbox 2269 1849 2340 1919; x_wconf 89' lang='lat' dir='ltr'><strong>in</strong></span> <span class='ocrx_word' id='word_1_105' title='bbox 2369 1850 2600 1920; x_wconf 84' lang='lat' dir='ltr'><strong>minus</strong></span> 
     </span>
     <span class='ocr_line' id='line_1_13' title="bbox 569 1943 2599 2051; baseline 0.001 -27"><span class='ocrx_word' id='word_1_106' title='bbox 569 1943 822 2026; x_wconf 86' lang='lat' dir='ltr'><strong>bonum</strong></span> <span class='ocrx_word' id='word_1_107' title='bbox 876 1957 1164 2051; x_wconf 77' lang='lat' dir='ltr'>adeoque</span> <span class='ocrx_word' id='word_1_108' title='bbox 1213 1959 1581 2029; x_wconf 86' lang='lat' dir='ltr'><strong>nullatenus</strong></span> <span class='ocrx_word' id='word_1_109' title='bbox 1608 1961 1845 2030; x_wconf 85' lang='lat' dir='ltr'><strong>mutari</strong></span> <span class='ocrx_word' id='word_1_110' title='bbox 1886 1957 2302 2051; x_wconf 71' lang='lat' dir='ltr'><strong>potest.13⁴ns</strong></span> <span class='ocrx_word' id='word_1_111' title='bbox 2332 1958 2599 2027; x_wconf 72' lang='lat' dir='ltr'><strong>immn-</strong></span> 
     </span>
     <span class='ocr_line' id='line_1_14' title="bbox 574 2063 2599 2160; baseline 0.002 -30"><span class='ocrx_word' id='word_1_112' title='bbox 574 2086 741 2136; x_wconf 78' lang='lat' dir='ltr'><strong>sum.</strong></span> <span class='ocrx_word' id='word_1_113' title='bbox 775 2063 938 2147; x_wconf 81' lang='lat' dir='ltr'><strong>Quia</strong></span> <span class='ocrx_word' id='word_1_114' title='bbox 978 2084 1160 2136; x_wconf 84' lang='lat' dir='ltr'><strong>secus</strong></span> <span class='ocrx_word' id='word_1_115' title='bbox 1204 2067 1539 2158; x_wconf 85' lang='lat' dir='ltr'><strong>perfectius</strong></span> <span class='ocrx_word' id='word_1_116' title='bbox 1582 2067 1829 2158; x_wconf 85' lang='lat' dir='ltr'><strong>concipi</strong></span> <span class='ocrx_word' id='word_1_117' title='bbox 1854 2072 2114 2160; x_wconf 87' lang='lat' dir='ltr'><strong>posset.</strong></span> <span class='ocrx_word' id='word_1_118' title='bbox 2150 2065 2323 2158; x_wconf 77' lang='lat' dir='ltr'><strong>quod</strong></span> <span class='ocrx_word' id='word_1_119' title='bbox 2354 2087 2599 2159; x_wconf 75' lang='lat' dir='ltr'><strong>nempe</strong></span> 
     </span>
    </p>
   </div>
   <div class='ocr_carea' id='block_1_3' title="bbox 576 2166 2684 2266">
    <p class='ocr_par' dir='ltr' id='par_1_3' title="bbox 576 2166 2684 2266">
     <span class='ocr_line' id='line_1_15' title="bbox 576 2166 2684 2266; baseline 0.001 -24"><span class='ocrx_word' id='word_1_120' title='bbox 576 2191 720 2242; x_wconf 85' lang='lat' dir='ltr'><strong>non</strong></span> <span class='ocrx_word' id='word_1_121' title='bbox 752 2172 1034 2264; x_wconf 82' lang='lat' dir='ltr'><strong>indigeat</strong></span> <span class='ocrx_word' id='word_1_122' title='bbox 1057 2176 1309 2242; x_wconf 82' lang='lat' dir='ltr'><strong>moveri</strong></span> <span class='ocrx_word' id='word_1_123' title='bbox 1333 2174 1518 2253; x_wconf 82' lang='lat' dir='ltr'><strong>loeo,</strong></span> <span class='ocrx_word' id='word_1_124' title='bbox 1544 2179 1620 2244; x_wconf 88' lang='lat' dir='ltr'><strong>ut</strong></span> <span class='ocrx_word' id='word_1_125' title='bbox 1651 2173 1957 2245; x_wconf 86' lang='lat' dir='ltr'><strong>omnibus</strong></span> <span class='ocrx_word' id='word_1_126' title='bbox 1985 2191 2265 2265; x_wconf 80' lang='lat' dir='ltr'><strong>praesens</strong></span> <span class='ocrx_word' id='word_1_127' title='bbox 2283 2192 2418 2243; x_wconf 83' lang='lat' dir='ltr'><strong>esse</strong></span> <span class='ocrx_word' id='word_1_128' title='bbox 2438 2196 2599 2266; x_wconf 89' lang='lat' dir='ltr'><strong>pos-</strong></span> <span class='ocrx_word' id='word_1_129' title='bbox 2675 2166 2684 2173; x_wconf 68' lang='grc'><strong><em>’</em></strong></span> 
     </span>
    </p>
   </div>
   <div class='ocr_carea' id='block_1_4' title="bbox 568 2279 2600 2482">
    <p class='ocr_par' dir='ltr' id='par_1_4' title="bbox 568 2279 2600 2482">
     <span class='ocr_line' id='line_1_16' title="bbox 568 2279 2600 2373; baseline 0.003 -25"><span class='ocrx_word' id='word_1_130' title='bbox 568 2280 695 2360; x_wconf 79' lang='lat' dir='ltr'><strong>sit3</strong></span> <span class='ocrx_word' id='word_1_131' title='bbox 731 2284 796 2351; x_wconf 85' lang='lat' dir='ltr'><strong>et</strong></span> <span class='ocrx_word' id='word_1_132' title='bbox 826 2279 1093 2349; x_wconf 87' lang='lat' dir='ltr'><strong>demum</strong></span> <span class='ocrx_word' id='word_1_133' title='bbox 1119 2279 1257 2348; x_wconf 78' lang='lat' dir='ltr'><strong>Em</strong></span> <span class='ocrx_word' id='word_1_134' title='bbox 1309 2293 1628 2352; x_wconf 74' lang='lat' dir='ltr'><strong>oeternum</strong></span> <span class='ocrx_word' id='word_1_135' title='bbox 1668 2279 2001 2373; x_wconf 83' lang='lat' dir='ltr'><strong>Siquidem</strong></span> <span class='ocrx_word' id='word_1_136' title='bbox 2035 2281 2166 2372; x_wconf 68' lang='lat' dir='ltr'><strong>qua.</strong></span> <span class='ocrx_word' id='word_1_137' title='bbox 2209 2301 2326 2352; x_wconf 88' lang='lat' dir='ltr'><strong>ens</strong></span> <span class='ocrx_word' id='word_1_138' title='bbox 2355 2292 2600 2361; x_wconf 71' lang='lat' dir='ltr'><strong>neces-f</strong></span> 
     </span>
     <span class='ocr_line' id='line_1_17' title="bbox 572 2387 2598 2482; baseline 0 -24"><span class='ocrx_word' id='word_1_139' title='bbox 572 2387 825 2459; x_wconf 88' lang='lat' dir='ltr'><strong>sarium</strong></span> <span class='ocrx_word' id='word_1_140' title='bbox 831 2408 955 2457; x_wconf 88' lang='lat' dir='ltr'><strong>nec</strong></span> <span class='ocrx_word' id='word_1_141' title='bbox 977 2387 1235 2459; x_wconf 85' lang='lat' dir='ltr'><strong>initium</strong></span> <span class='ocrx_word' id='word_1_142' title='bbox 1250 2409 1373 2461; x_wconf 80' lang='lat' dir='ltr'><strong>neo</strong></span> <span class='ocrx_word' id='word_1_143' title='bbox 1388 2387 1613 2470; x_wconf 87' lang='lat' dir='ltr'><strong>finem,</strong></span> <span class='ocrx_word' id='word_1_144' title='bbox 1645 2395 1709 2461; x_wconf 79' lang='lat' dir='ltr'><strong>et</strong></span> <span class='ocrx_word' id='word_1_145' title='bbox 1729 2411 1859 2482; x_wconf 84' lang='lat' dir='ltr'><strong>qua</strong></span> <span class='ocrx_word' id='word_1_146' title='bbox 1881 2410 1997 2460; x_wconf 85' lang='lat' dir='ltr'><strong>ens</strong></span> <span class='ocrx_word' id='word_1_147' title='bbox 2016 2388 2414 2461; x_wconf 79' lang='lat' dir='ltr'><strong>immutabile</strong></span> <span class='ocrx_word' id='word_1_148' title='bbox 2433 2389 2598 2459; x_wconf 87' lang='lat' dir='ltr'><strong>nul-</strong></span> 
     </span>
    </p>
   </div>
   <div class='ocr_carea' id='block_1_5' title="bbox 568 2494 2605 2683">
    <p class='ocr_par' dir='ltr' id='par_1_5' title="bbox 568 2494 2600 2675">
     <span class='ocr_line' id='line_1_18' title="bbox 569 2494 2600 2591; baseline 0.002 -27"><span class='ocrx_word' id='word_1_149' title='bbox 569 2494 668 2565; x_wconf 88' lang='lat' dir='ltr'><strong>las</strong></span> <span class='ocrx_word' id='word_1_150' title='bbox 716 2495 1139 2567; x_wconf 84' lang='lat' dir='ltr'><strong>successiones</strong></span> <span class='ocrx_word' id='word_1_151' title='bbox 1203 2495 1443 2567; x_wconf 87' lang='lat' dir='ltr'><strong>habere</strong></span> <span class='ocrx_word' id='word_1_152' title='bbox 1494 2502 1721 2591; x_wconf 82' lang='lat' dir='ltr'><strong>potest.</strong></span> <span class='ocrx_word' id='word_1_153' title='bbox 1770 2495 1946 2589; x_wconf 65' lang='lat' dir='ltr'><strong>Ergo</strong></span> <span class='ocrx_word' id='word_1_154' title='bbox 1996 2497 2348 2569; x_wconf 82' lang='lat' dir='ltr'><strong>necessario</strong></span> <span class='ocrx_word' id='word_1_155' title='bbox 2391 2496 2600 2568; x_wconf 78' lang='lat' dir='ltr'><strong>habet</strong></span> 
     </span>
     <span class='ocr_line' id='line_1_19' title="bbox 568 2597 2605 2683; baseline 0.004 -16"><span class='ocrx_word' id='word_1_156' title='bbox 568 2597 968 2669; x_wconf 85' lang='lat' dir='ltr'><strong>intellectum</strong></span> <span class='ocrx_word' id='word_1_157' title='bbox 991 2608 1056 2670; x_wconf 81' lang='lat' dir='ltr'><strong>et</strong></span> <span class='ocrx_word' id='word_1_158' title='bbox 1083 2602 1482 2672; x_wconf 76' lang='lat' dir='ltr'><strong>voluntatem</strong></span> <span class='ocrx_word' id='word_1_159' title='bbox 1519 2605 1739 2673; x_wconf 88' lang='lat' dir='ltr'><strong>omnia</strong></span> <span class='ocrx_word' id='word_1_160' title='bbox 1768 2604 1963 2675; x_wconf 89' lang='lat' dir='ltr'><strong>unico</strong></span> <span class='ocrx_word' id='word_1_161' title='bbox 1992 2609 2139 2672; x_wconf 89' lang='lat' dir='ltr'><strong>actu</strong></span> <span class='ocrx_word' id='word_1_162' title='bbox 2178 2604 2605 2683; x_wconf 84' lang='lat' dir='ltr'><strong>intuentem.&#39;</strong></span> 
     </span>
    </p>
   </div>
   <div class='ocr_carea' id='block_1_6' title="bbox 568 2707 2599 2892">
    <p class='ocr_par' dir='ltr' id='par_1_6' title="bbox 568 2707 2599 2892">
     <span class='ocr_line' id='line_1_20' title="bbox 570 2707 2599 2795; baseline 0.007 -24"><span class='ocrx_word' id='word_1_163' title='bbox 570 2710 636 2772; x_wconf 86' lang='lat' dir='ltr'><strong>et</strong></span> <span class='ocrx_word' id='word_1_164' title='bbox 663 2727 807 2795; x_wconf 73' lang='lat' dir='ltr'><strong>quae</strong></span> <span class='ocrx_word' id='word_1_165' title='bbox 833 2707 1015 2787; x_wconf 75' lang='lat' dir='ltr'><strong>vult,</strong></span> <span class='ocrx_word' id='word_1_166' title='bbox 1044 2708 1389 2789; x_wconf 83' lang='lat' dir='ltr'><strong>volentem,</strong></span> <span class='ocrx_word' id='word_1_167' title='bbox 1435 2733 1546 2780; x_wconf 88' lang='lat' dir='ltr'><strong>seu</strong></span> <span class='ocrx_word' id='word_1_168' title='bbox 1580 2712 1778 2781; x_wconf 79' lang='lat' dir='ltr'><strong>vitam</strong></span> <span class='ocrx_word' id='word_1_169' title='bbox 1805 2715 2007 2781; x_wconf 82' lang='lat' dir='ltr'><strong>totam</strong></span> <span class='ocrx_word' id='word_1_170' title='bbox 2048 2709 2245 2781; x_wconf 84' lang='lat' dir='ltr'><strong>simul</strong></span> <span class='ocrx_word' id='word_1_171' title='bbox 2276 2718 2341 2782; x_wconf 90' lang='lat' dir='ltr'><strong>et</strong></span> <span class='ocrx_word' id='word_1_172' title='bbox 2384 2713 2599 2784; x_wconf 84' lang='lat' dir='ltr'><strong>inter-</strong></span> 
     </span>
     <span class='ocr_line' id='line_1_21' title="bbox 568 2809 1582 2892; baseline 0.003 -9"><span class='ocrx_word' id='word_1_173' title='bbox 568 2809 944 2892; x_wconf 85' lang='lat' dir='ltr'><strong>minabilem</strong></span> <span class='ocrx_word' id='word_1_174' title='bbox 969 2813 1018 2884; x_wconf 88' lang='lat' dir='ltr'><strong>i.</strong></span> <span class='ocrx_word' id='word_1_175' title='bbox 1043 2836 1106 2886; x_wconf 86' lang='lat' dir='ltr'><strong>e.</strong></span> <span class='ocrx_word' id='word_1_176' title='bbox 1139 2816 1582 2886; x_wconf 76' lang='lat' dir='ltr'><strong>aeternitatem.</strong></span> 
     </span>
    </p>
   </div>
   <div class='ocr_carea' id='block_1_7' title="bbox 526 2933 1902 3020">
    <p class='ocr_par' dir='ltr' id='par_1_7' title="bbox 526 2933 1902 3020">
     <span class='ocr_line' id='line_1_22' title="bbox 526 2933 1902 3020; baseline 0.006 -8"><span class='ocrx_word' id='word_1_177' title='bbox 526 2933 529 2936; x_wconf 62' lang='grc'><strong>’</strong></span> <span class='ocrx_word' id='word_1_178' title='bbox 594 2953 599 2958; x_wconf 86' lang='grc'>’</span> <span class='ocrx_word' id='word_1_179' title='bbox 659 2941 772 3013; x_wconf 81' lang='grc'><strong>35.</strong></span> <span class='ocrx_word' id='word_1_180' title='bbox 820 2941 902 3012; x_wconf 92' lang='lat'><strong>11.</strong></span> <span class='ocrx_word' id='word_1_181' title='bbox 949 2941 1049 3013; x_wconf 73' lang='lat' dir='ltr'><strong>Da</strong></span> <span class='ocrx_word' id='word_1_182' title='bbox 1068 2943 1209 3015; x_wconf 69' lang='lat' dir='ltr'><strong>Deo</strong></span> <span class='ocrx_word' id='word_1_183' title='bbox 1230 2965 1533 3017; x_wconf 66' lang='lat' dir='ltr'><strong>namma</strong></span> <span class='ocrx_word' id='word_1_184' title='bbox 1564 2958 1902 3020; x_wconf 67' lang='lat' dir='ltr'><strong>senorum·</strong></span> 
     </span>
    </p>
   </div>
   <div class='ocr_carea' id='block_1_8' title="bbox 571 3073 2592 3284">
    <p class='ocr_par' dir='ltr' id='par_1_8' title="bbox 571 3073 2592 3284">
     <span class='ocr_line' id='line_1_23' title="bbox 590 3073 2592 3177; baseline 0.004 -29"><span class='ocrx_word' id='word_1_185' title='bbox 590 3089 593 3096; x_wconf 82' lang='grc'><strong><em>’</em></strong></span> <span class='ocrx_word' id='word_1_186' title='bbox 658 3076 827 3148; x_wconf 87' lang='lat' dir='ltr'><strong>Cum</strong></span> <span class='ocrx_word' id='word_1_187' title='bbox 853 3073 1066 3147; x_wconf 89' lang='lat' dir='ltr'><strong>Deum</strong></span> <span class='ocrx_word' id='word_1_188' title='bbox 1096 3079 1354 3149; x_wconf 84' lang='lat' dir='ltr'><strong>relative</strong></span> <span class='ocrx_word' id='word_1_189' title='bbox 1405 3089 1784 3174; x_wconf 80' lang='lat' dir='ltr'><strong>spectamuS,</strong></span> <span class='ocrx_word' id='word_1_190' title='bbox 1822 3106 1897 3153; x_wconf 90' lang='lat' dir='ltr'><strong>ea</strong></span> <span class='ocrx_word' id='word_1_191' title='bbox 1934 3083 2004 3153; x_wconf 87' lang='lat' dir='ltr'><strong>in</strong></span> <span class='ocrx_word' id='word_1_192' title='bbox 2044 3085 2180 3177; x_wconf 87' lang='lat' dir='ltr'><strong>ipso</strong></span> <span class='ocrx_word' id='word_1_193' title='bbox 2211 3079 2592 3156; x_wconf 81' lang='lat' dir='ltr'><strong>considera-</strong></span> 
     </span>
     <span class='ocr_line' id='line_1_24' title="bbox 571 3184 2585 3284; baseline 0.003 -27"><span class='ocrx_word' id='word_1_194' title='bbox 571 3201 739 3264; x_wconf 76' lang='lat' dir='ltr'><strong>mu8,</strong></span> <span class='ocrx_word' id='word_1_195' title='bbox 775 3204 919 3275; x_wconf 82' lang='lat' dir='ltr'><strong>quae</strong></span> <span class='ocrx_word' id='word_1_196' title='bbox 940 3184 1313 3255; x_wconf 86' lang='lat' dir='ltr'><strong>relationem</strong></span> <span class='ocrx_word' id='word_1_197' title='bbox 1340 3187 1622 3279; x_wconf 84' lang='lat' dir='ltr'><strong>aliquam</strong></span> <span class='ocrx_word' id='word_1_198' title='bbox 1651 3192 1780 3259; x_wconf 85' lang='lat' dir='ltr'><strong>sive</strong></span> <span class='ocrx_word' id='word_1_199' title='bbox 1808 3190 2174 3284; x_wconf 87' lang='lat' dir='ltr'><strong>possibilem</strong></span> <span class='ocrx_word' id='word_1_200' title='bbox 2200 3192 2329 3261; x_wconf 85' lang='lat' dir='ltr'><strong>sive</strong></span> <span class='ocrx_word' id='word_1_201' title='bbox 2357 3200 2585 3262; x_wconf 89' lang='lat' dir='ltr'><strong>actua-</strong></span> 
     </span>
    </p>
   </div>
   <div class='ocr_carea' id='block_1_9' title="bbox 568 3290 2591 3468">
    <p class='ocr_par' dir='ltr' id='par_1_9' title="bbox 568 3290 2591 3468">
     <span class='ocr_line' id='line_1_25' title="bbox 568 3290 2591 3398; baseline 0.006 -37"><span class='ocrx_word' id='word_1_202' title='bbox 568 3293 706 3362; x_wconf 88' lang='lat' dir='ltr'><strong>lem</strong></span> <span class='ocrx_word' id='word_1_203' title='bbox 747 3290 818 3360; x_wconf 92' lang='lat' dir='ltr'><strong>in</strong></span> <span class='ocrx_word' id='word_1_204' title='bbox 866 3310 982 3359; x_wconf 90' lang='lat' dir='ltr'><strong>suo</strong></span> <span class='ocrx_word' id='word_1_205' title='bbox 1033 3299 1342 3386; x_wconf 81' lang='lat' dir='ltr'><strong>conceptu</strong></span> <span class='ocrx_word' id='word_1_206' title='bbox 1369 3295 1730 3377; x_wconf 84' lang='lat' dir='ltr'><strong>involvunt,</strong></span> <span class='ocrx_word' id='word_1_207' title='bbox 1768 3297 1865 3367; x_wconf 85' lang='lat' dir='ltr'><strong>uti</strong></span> <span class='ocrx_word' id='word_1_208' title='bbox 1895 3295 2249 3398; x_wconf 81' lang='lat' dir='ltr'><strong>intelligere</strong></span> <span class='ocrx_word' id='word_1_209' title='bbox 2295 3303 2363 3370; x_wconf 84' lang='lat' dir='ltr'><strong>et</strong></span> <span class='ocrx_word' id='word_1_210' title='bbox 2416 3299 2591 3374; x_wconf 81' lang='lat' dir='ltr'><strong>velle</strong></span> 
     </span>
     <span class='ocr_line' id='line_1_26' title="bbox 570 3395 1473 3468; baseline 0.001 0"><span class='ocrx_word' id='word_1_211' title='bbox 570 3397 890 3468; x_wconf 84' lang='lat' dir='ltr'><strong>divinum.</strong></span> <span class='ocrx_word' id='word_1_212' title='bbox 929 3395 1120 3468; x_wconf 92' lang='lat' dir='ltr'><strong>Unde</strong></span> <span class='ocrx_word' id='word_1_213' title='bbox 1468 3419 1473 3427; x_wconf 91' lang='lat'><strong>·</strong></span> 
     </span>
    </p>
   </div>
   <div class='ocr_carea' id='block_1_10' title="bbox 569 3522 2586 3729">
    <p class='ocr_par' dir='ltr' id='par_1_10' title="bbox 569 3522 2586 3729">
     <span class='ocr_line' id='line_1_27' title="bbox 660 3522 2586 3615; baseline 0.008 -27.449"><span class='ocrx_word' id='word_1_214' title='bbox 660 3522 738 3614; x_wconf 90' lang='lat' dir='ltr'><strong>a)</strong></span> <span class='ocrx_word' id='word_1_215' title='bbox 765 3523 928 3610; x_wconf 74' lang='lat' dir='ltr'><strong>Deus</strong></span> <span class='ocrx_word' id='word_1_216' title='bbox 957 3537 1051 3590; x_wconf 79' lang='lat' dir='ltr'><strong>ost·</strong></span> <span class='ocrx_word' id='word_1_217' title='bbox 1067 3523 1432 3615; x_wconf 62' lang='lat' dir='ltr'><strong>intelligens.</strong></span> <span class='ocrx_word' id='word_1_218' title='bbox 1466 3526 1541 3598; x_wconf 91' lang='lat' dir='ltr'><strong>Id</strong></span> <span class='ocrx_word' id='word_1_219' title='bbox 1564 3530 1806 3598; x_wconf 85' lang='lat' dir='ltr'><strong>eruitur</strong></span> <span class='ocrx_word' id='word_1_220' title='bbox 1831 3530 1964 3599; x_wconf 80' lang='lat' dir='ltr'><strong>sive</strong></span> <span class='ocrx_word' id='word_1_221' title='bbox 1987 3550 2066 3599; x_wconf 82' lang='lat' dir='ltr'><strong>ex</strong></span> <span class='ocrx_word' id='word_1_222' title='bbox 2097 3530 2364 3599; x_wconf 88' lang='lat' dir='ltr'><strong>homine</strong></span> <span class='ocrx_word' id='word_1_223' title='bbox 2391 3533 2586 3604; x_wconf 74' lang='lat' dir='ltr'><strong>intel-</strong></span> 
     </span>
     <span class='ocr_line' id='line_1_28' title="bbox 569 3629 2586 3729; baseline 0.005 -29"><span class='ocrx_word' id='word_1_224' title='bbox 569 3629 828 3723; x_wconf 83' lang='lat' dir='ltr'><strong>ligente,</strong></span> <span class='ocrx_word' id='word_1_225' title='bbox 859 3631 989 3704; x_wconf 74' lang='lat' dir='ltr'><strong>sive</strong></span> <span class='ocrx_word' id='word_1_226' title='bbox 1009 3654 1087 3705; x_wconf 87' lang='lat' dir='ltr'><strong>ex</strong></span> <span class='ocrx_word' id='word_1_227' title='bbox 1127 3635 1348 3708; x_wconf 84' lang='lat' dir='ltr'><strong>ordine</strong></span> <span class='ocrx_word' id='word_1_228' title='bbox 1391 3642 1454 3706; x_wconf 88' lang='lat' dir='ltr'><strong>et</strong></span> <span class='ocrx_word' id='word_1_229' title='bbox 1499 3639 1996 3710; x_wconf 86' lang='lat' dir='ltr'><strong>conformatione</strong></span> <span class='ocrx_word' id='word_1_230' title='bbox 2024 3636 2283 3719; x_wconf 89' lang='lat' dir='ltr'><strong>mundi,</strong></span> <span class='ocrx_word' id='word_1_231' title='bbox 2317 3659 2460 3729; x_wconf 77' lang='lat' dir='ltr'><strong>quae</strong></span> <span class='ocrx_word' id='word_1_232' title='bbox 2491 3694 2509 3720; x_wconf 88' lang='lat'>,</span> <span class='ocrx_word' id='word_1_233' title='bbox 2543 3663 2586 3711; x_wconf 88' lang='lat' dir='ltr'><strong>a</strong></span> 
     </span>
    </p>
   </div>
   <div class='ocr_carea' id='block_1_11' title="bbox 574 3813 2578 3991">
    <p class='ocr_par' dir='ltr' id='par_1_11' title="bbox 574 3813 2578 3991">
     <span class='ocr_line' id='line_1_29' title="bbox 638 3813 2578 3919; baseline 0.004 -18"><span class='ocrx_word' id='word_1_234' title='bbox 638 3850 707 3918; x_wconf 88' lang='lat'><strong>(1)</strong></span> <span class='ocrx_word' id='word_1_235' title='bbox 737 3851 864 3903; x_wconf 85' lang='lat' dir='ltr'><strong>Vide</strong></span> <span class='ocrx_word' id='word_1_236' title='bbox 899 3867 989 3916; x_wconf 85' lang='lat' dir='ltr'><strong>pro</strong></span> <span class='ocrx_word' id='word_1_237' title='bbox 1009 3855 1103 3903; x_wconf 86' lang='lat' dir='ltr'><strong>hoc</strong></span> <span class='ocrx_word' id='word_1_238' title='bbox 1125 3813 1359 3906; x_wconf 60' lang='lat' dir='ltr'><strong>attributo</strong></span> <span class='ocrx_word' id='word_1_239' title='bbox 1395 3856 1447 3904; x_wconf 79' lang='lat' dir='ltr'><strong>et</strong></span> <span class='ocrx_word' id='word_1_240' title='bbox 1473 3867 1565 3916; x_wconf 85' lang='lat' dir='ltr'><strong>pro</strong></span> <span class='ocrx_word' id='word_1_241' title='bbox 1593 3854 1999 3919; x_wconf 72' lang='lat' dir='ltr'><strong>subsequentibus</strong></span> <span class='ocrx_word' id='word_1_242' title='bbox 2033 3856 2166 3906; x_wconf 73' lang='lat' dir='ltr'><strong>locos</strong></span> <span class='ocrx_word' id='word_1_243' title='bbox 2203 3856 2497 3918; x_wconf 81' lang='lat' dir='ltr'><strong>respectivos</strong></span> <span class='ocrx_word' id='word_1_244' title='bbox 2519 3856 2578 3909; x_wconf 82' lang='lat' dir='ltr'><strong>in</strong></span> 
     </span>
     <span class='ocr_line' id='line_1_30' title="bbox 574 3922 2401 3991; baseline 0.005 -17"><span class='ocrx_word' id='word_1_245' title='bbox 574 3922 863 3991; x_wconf 73' lang='grc' dir='ltr'><strong>ΤΙιοοιὶίεεα,</strong></span> <span class='ocrx_word' id='word_1_246' title='bbox 885 3926 970 3976; x_wconf 83' lang='lat' dir='ltr'><strong>ubi</strong></span> <span class='ocrx_word' id='word_1_247' title='bbox 985 3928 1142 3977; x_wconf 85' lang='lat' dir='ltr'><strong>multa</strong></span> <span class='ocrx_word' id='word_1_248' title='bbox 1165 3927 1259 3977; x_wconf 77' lang='lat' dir='ltr'><strong>alia</strong></span> <span class='ocrx_word' id='word_1_249' title='bbox 1280 3929 1567 3991; x_wconf 81' lang='lat' dir='ltr'><strong>argumenta</strong></span> <span class='ocrx_word' id='word_1_250' title='bbox 1588 3941 1675 3991; x_wconf 82' lang='lat' dir='ltr'><strong>pro</strong></span> <span class='ocrx_word' id='word_1_251' title='bbox 1709 3929 1803 3979; x_wconf 79' lang='lat' dir='ltr'><strong>iilis</strong></span> <span class='ocrx_word' id='word_1_252' title='bbox 1825 3926 2086 3991; x_wconf 80' lang='lat' dir='ltr'><strong>probandis</strong></span> <span class='ocrx_word' id='word_1_253' title='bbox 2109 3928 2401 3983; x_wconf 77' lang='lat' dir='ltr'><strong>afferuntur·</strong></span> 
     </span>
    </p>
   </div>
  </div>
 </body>
</html>
