2988 4832
1672 473 1819 546 3515*
2220 484 2247 515 ‘

738 601 916 674 ¹unde
953 594 1355 672 immutabitis
1399 597 1620 674 manet
1660 600 1873 684 Deus,¹
1951 623 2107 672 cnm
2158 607 2338 673 actus
2382 603 2620 676 divinae
2673 603 2763 677 li-

739 712 994 783 bertatis
1037 713 1348 779 emicative
1390 711 1468 780 sit
1494 713 1633 802 ipsa
1659 712 1927 781 essentia
1953 732 2069 780 seu
2103 717 2281 781 actus
2330 714 2755 793 necessat-ina.

738 845 853 912 quo
879 819 1053 892 Deus
1079 831 1166 887 est
1185 842 1208 887 .·
1238 823 1457 888 manet
1490 823 1707 888 autem
1731 820 1918 887 simul
1945 821 2129 899 liber,
2174 842 2328 890 cum
2360 843 2439 890 ex
2467 822 2761 890 infinitu-

740 930 899 1023 dine
945 929 1125 998 istius
1174 927 1355 996 actus
1383 926 1784 1017 aliquatenus
1829 926 2083 1018 concipi
2132 928 2359 1020 possit,
2409 928 2584 1020 quod
2630 930 2760 998 sine

739 1035 1064 1105 additione
1106 1056 1295 1106 novae
1331 1035 1607 1104 entitatis
1644 1057 1759 1105 seu
1795 1035 1932 1104 sine
1961 1036 2131 1104 nova
2160 1039 2517 1112 actuatione
2534 1088 2552 1117 ‚
2581 1037 2760 1105 adeo-

740 1168 866 1238 que
893 1147 1029 1216 sine
1072 1145 1422 1214 mutatione
1442 1157 1472 1224 ,’
1511 1146 1702 1237 possit
1736 1150 1958 1214 tamen
1985 1144 2247 1214 tendere
2288 1144 2395 1214 vel
2426 1167 2564 1214 non
2613 1152 2760 1214 ten-

739 1254 889 1324 dere
934 1255 1006 1324 in
1051 1252 1308 1344 aliquod
1356 1253 1676 1345 objectum
1692 1263 1724 1332 ,i
1762 1252 2055 1344 quamvis
2079 1253 2148 1321 id
2180 1258 2509 1334 creatura,
2544 1257 2758 1344 utpote

739 1365 916 1432 finita
936 1413 956 1442 .
1008 1365 1150 1433 sine
1181 1362 1351 1432 nova
1379 1363 1737 1435 aetuatione
1771 1383 1909 1432 non
1945 1361 2139 1453 possit
2171 1360 2260 1454 (1)

820 1568 869 1636 1)
900 1568 1192 1632 Exemplum
1207 1571 1376 1619 tamen
1395 1568 1597 1632 aliquod
1614 1603 1632 1630 ‚
1668 1572 1820 1622 -modo
1846 1570 1968 1622 sana
1991 1569 2184 1620 ratione
2203 1569 2533 1634 intelligatur.
2574 1568 2634 1620 in
2656 1571 2758 1621 ho·

738 1641 876 1692 mine
895 1641 1005 1691 dari
1031 1643 1208 1704 posset,
1230 1640 1478 1702 quomodo
1500 1644 1635 1691 actus
1655 1642 1790 1692 idem
1808 1643 1915 1693 sine
1937 1641 2068 1692 nova
2083 1641 2359 1691 actuatione
2379 1641 2436 1690 in
2463 1641 2761 1691 alterutrum

739 1726 802 1762 ex
820 1713 1008 1764 duobus
1028 1714 1110 1762 vel
1125 1712 1349 1774 pluribus
1369 1709 1572 1772 objectis
1593 1715 1794 1764 tendere
1821 1715 1988 1777 queat.
2011 1712 2233 1762 Ponatur
2259 1712 2396 1762 enim
2417 1714 2568 1762 homo
2587 1712 2762 1773 aliquis

732 1783 845 1844 jam
863 1789 979 1835 actu
998 1784 1353 1836 determina-Lus
1373 1789 1436 1838 ad
1471 1787 1790 1836 scribendum
1812 1788 2016 1838 calamis
2043 1801 2059 1838 ι
2081 1783 2257 1834 calami
2274 1798 2390 1833 vero
2411 1785 2511 1833 duo
2541 1788 2623 1836 vel
2649 1791 2760 1850 pln-

739 1869 820 1907 res
839 1858 1179 1919 supponantur
1194 1858 1405 1920 perfecte
1428 1859 1641 1920 oequales
1664 1871 1679 1907 t
1702 1856 1831 1907 nihil
1849 1859 2004 1922 igitur
2021 1859 2116 1908 erit
2136 1857 2190 1905 in
2212 1857 2315 1904 ullo
2339 1857 2547 1919 calamo,
2567 1872 2669 1920 quo
2689 1860 2761 1907 al-

738 1932 818 1979 ter
834 1929 976 1979 alteri
993 1928 1300 1991 praeferatur.
1326 1928 1443 1979 Jam
1471 1930 1623 1979 homo
1642 1929 1732 1979 iste
1753 1930 1893 1980 nulla
1914 1929 2045 1981 nova
2065 1927 2474 1979 determinatione
2493 1927 2682 1992 indiget
2700 1930 2762 1979 ad

737 2001 980 2051 utendum
999 2003 1188 2051 calamo
1218 2001 1260 2051 A
1284 2001 1463 2066 potius,
1485 2015 1641 2064 quam
1661 2003 1850 2052 calamo
1865 2002 1926 2065 B,
1947 2003 2032 2052 sed
2054 2002 2160 2064 ipsa
2173 2000 2521 2051 determinatio
2542 2001 2761 2051 scriben-

738 2073 791 2122 di
810 2072 866 2123 in
885 2086 937 2122 se
953 2072 1160 2122 includit
1177 2109 1193 2132 ,
1226 2076 1285 2122 ut
1305 2074 1603 2122 alterutrum
1634 2075 1880 2124 calamum
1902 2074 2053 2136 eligat
2075 2087 2092 2124 ι
2114 2074 2246 2136 quod
2268 2072 2310 2122 si
2332 2072 2518 2121 feratur
2539 2072 2596 2122 in
2631 2075 2760 2122 caia-

737 2156 880 2193 mum
900 2143 942 2193 A
963 2143 1266 2206 eligendum,
1297 2157 1398 2193 non
1418 2145 1710 2206 necessario,
1732 2145 1818 2194 sed
1837 2145 1908 2194 ita
1938 2144 1993 2193 in
2012 2144 2157 2194 illum
2178 2145 2349 2206 fertur,
2372 2145 2431 2192 nt
2450 2143 2603 2205 possit
2621 2157 2762 2206 aeque

738 2214 856 2265 terri
874 2214 929 2264 in
946 2217 1192 2264 calamum
1217 2216 1264 2265 B
1281 2231 1303 2274 ,·
1321 2229 1440 2278 ergo
1461 2215 1807 2266 determinatio
1838 2216 1927 2266 illa
1944 2215 2193 2267 scribendi
2214 2229 2276 2266 ex
2306 2215 2568 2279 hypothesi
2590 2229 2759 2267 neces·

737 2284 867 2353 saria
883 2286 1042 2345 libera
1062 2288 1232 2336 ta'men
1251 2290 1325 2335 est
1349 2288 1401 2336 in
1439 2287 1602 2336 medio
1626 2287 1927 2337 executionis
1961 2301 2049 2337 seu
2084 2285 2329 2341 exercitii.
2349 2286 2463 2337 Jam
2486 2300 2606 2338 vero
2629 2287 2762 2338 Dens

737 2368 801 2404 ex
823 2355 1105 2406 necessitate
1134 2360 1324 2408 naturae
1346 2373 1446 2409 suae
1467 2362 1541 2409 est
1561 2359 1690 2408 liber
1717 2362 1849 2421 actu,
1871 2372 1975 2408 non
1993 2358 2232 2422 potentia,
2247 2371 2334 2408 seu
2352 2357 2485 2407 Deus
2504 2371 2566 2408 ex
2589 2372 2759 2408 neces-

737 2428 879 2483 sitate
913 2430 1100 2479 naturae
1121 2444 1222 2480 suae
1252 2435 1448 2481 exercet
1466 2432 1745 2481 libertatem
1768 2446 1781 2481 :
1805 2430 1958 2493 hujus
1994 2433 2162 2481 autem
2196 2430 2417 2484 exercitii
2446 2429 2643 2492 obiecta
2671 2444 2762 2481 seu
2784 2421 2793 2462 ¹

736 2500 937 2549 termini
955 2503 1069 2549 sunt
1088 2502 1238 2551 relate
1274 2502 1337 2551 ad
1370 2502 1536 2553 Deum
1570 2504 1779 2564 perfecte
1807 2503 2038 2567 aequaleS,
2077 2501 2317 2551 nimirum
2338 2501 2645 2551 non-creatio
2668 2505 2762 2552 aut

737 2569 918 2619 creatio
938 2573 989 2619 et
1005 2572 1209 2631 quidem
1229 2574 1411 2623 creatio
1443 2573 1592 2635 huius
1612 2574 1692 2623 vel
1709 2574 1841 2622 illius
1861 2574 2038 2623 mundi
2056 2608 2073 2635 ,
2114 2587 2229 2622 cum
2247 2573 2334 2621 tali
2351 2574 2434 2623 vel
2451 2573 2540 2622 tali
2569 2574 2760 2636 persec-

737 2640 886 2690 tionis
901 2641 1074 2703 gradu.
1095 2640 1241 2707 Ergo,
1278 2642 1404 2693 sicut
1429 2645 1580 2693 homo
1613 2658 1676 2694 ex
1695 2644 1943 2705 supposito
1972 2644 2327 2694 determinatus
2348 2645 2413 2694 ad
2433 2644 2762 2695 scribendum

738 2724 842 2761 non
859 2710 1046 2774 indiget
1064 2713 1193 2762 nova
1217 2713 1492 2764 actuatione
1509 2749 1525 2776 ,
1548 2718 1608 2764 ut
1625 2715 1719 2764 hoc
1741 2715 1903 2776 potius
1922 2728 2074 2778 quam
2097 2715 2183 2765 illo
2205 2717 2393 2765 calamo
2415 2718 2590 2764 utatur
2604 2753 2621 2779 ‚
2643 2715 2765 2778 quia

737 2782 908 2845 quovis
927 2785 1114 2833 calamo
1131 2798 1269 2847 aeque
1289 2785 1500 2847 perfecte
1517 2785 1671 2835 finem
1689 2800 1836 2846 suum
1857 2787 2095 2850 attingere
2113 2789 2287 2851 potest,
2318 2786 2590 2849 electioque
2609 2788 2762 2836 alter·

737 2854 895 2904 utrius
915 2853 1089 2903 calami
1108 2854 1163 2904 in
1191 2854 1298 2917 ipsa
1326 2856 1734 2906 determinatione
1748 2857 1993 2907 scribendi
2015 2858 2325 2919 continetur;
2352 2857 2427 2906 ita
2441 2858 2576 2907 Deus
2599 2871 2662 2908 ex
2679 2871 2763 2907 es-

736 2926 894 2976 sentia
912 2925 1002 2975 sua
1038 2926 1391 2976 determinatus
1412 2928 1473 2977 ad
1502 2929 1749 2991 agendum
1770 2929 1833 2977 ad
1867 2931 2027 2993 extra‚·
2072 2931 2247 2990 utpote
2283 2928 2609 2982 essentialiter
2644 2933 2764 2979 actu

735 2997 877 3061 liber,
904 2997 1052 3060 hujus
1076 3012 1176 3048 suae
1209 2997 1412 3054 actionis
1446 2999 1720 3049 terminum
1742 3001 1829 3049 aut
1862 2998 2290 3049 non-creationem
2326 3002 2412 3048 aut
2452 2998 2763 3051 creationem

735 3069 917 3133 eligere
934 3072 1089 3132 potest
1107 3070 1213 3120 sine
1234 3070 1364 3120 nova
1383 3070 1659 3120 actuatione
1674 3105 1691 3135 ,
1726 3071 1845 3133 quia
1872 3070 2153 3120 alterutrius
2184 3070 2333 3131 hujus
2352 3070 2558 3120 termini
2577 3070 2761 3120 electio

731 3139 839 3202 jam
857 3141 911 3191 in
929 3141 1034 3203 ipsa
1053 3141 1458 3191 determinatione
1498 3142 1561 3190 ad
1599 3142 1847 3204 agendum
1865 3142 1939 3191 ‹ad
1958 3145 2098 3192 extra
2120 3142 2432 3201 continetur,
2472 3140 2543 3190 ita
2563 3144 2760 3204 tamen,
2790 3139 2794 3144 ’

735 3215 793 3262 ut
812 3211 1034 3263 sinuum
1054 3213 1256 3275 elegerit
1272 3246 1290 3275 ,
1344 3211 1560 3274 potuerit
1576 3212 1759 3275 eligere
1784 3214 1995 3262 alterum
2010 3247 2029 3275 ,
2061 3213 2179 3276 quia
2200 3215 2410 3274 utroque
2428 3215 2593 3276 fiaeque
2640 3226 2761 3274 per-

735 3288 859 3335 fecte
872 3284 1025 3336 tinem
1045 3296 1191 3332 suum
1217 3283 1457 3345 attingere
1479 3286 1653 3346 potest.
1675 3283 1804 3347 Ergo
1830 3285 2176 3335 determinatio
2194 3284 2286 3332 Dei
2308 3283 2582 3333 necessaria
2608 3295 2765 3345 agen·

734 3356 788 3406 di
817 3355 881 3407 ad
899 3358 1037 3407 extra
1054 3354 1212 3404 libera
1229 3354 1376 3403 estin
1395 3355 1559 3404 medio
1583 3354 1803 3404 exercitii
1828 3390 1846 3417 ‚
1885 3355 2106 3420 illudque
2133 3354 2311 3406 eadem
2331 3352 2763 3408 determinatione

735 3426 842 3477 sine
863 3425 993 3477 nova
1012 3424 1288 3476 actuatione
1308 3426 1603 3477 alterutrum
1621 3425 1805 3489 eligere
1825 3429 2006 3490 potest.

797 3525 967 3593 Neque
996 3524 1206 3587 dicatur,
1244 3524 1437 3587 Deum,
1455 3524 1498 3574 si
1515 3523 1719 3589 eligeret
1738 3526 2181 3590 non-creationem,
2214 3528 2414 3577 nulium
2434 3527 2624 3578 habere
2646 3529 2766 3580 ter⁴

737 3598 946 3662 minum,
962 3597 1180 3660 adeoque
1202 3610 1294 3647 nec
1323 3610 1468 3659 agere
1490 3598 1621 3647 :hoc
1636 3598 1773 3648 enim
1790 3612 1905 3648 casu
1923 3599 2056 3649 Deus
2082 3603 2284 3662 poneret
2303 3602 2489 3662 actum,
2513 3613 2619 3663 quo
2640 3613 2761 3652 om-

2790 3481 2802 3544 i

635 3679 641 3684 ·
737 3683 826 3720 nes
863 3668 1112 3731 possibiles
1135 3681 1224 3718 sen
1247 3668 1480 3717 creabiles
1501 3670 1710 3719 mundos
1733 3670 1826 3719 sihi
1847 3672 2158 3720 obversantes
2180 3672 2332 3721 nollet
2362 3707 2379 3732 ,
2425 3671 2565 3721 nolle
2584 3674 2761 3723 antem

738 3743 869 3799 certe
886 3743 960 3791 est
978 3754 1143 3804 agere.
1163 3739 1245 3789 Sic
1265 3740 1415 3789 homo
1434 3741 1668 3803 protecto,
1690 3741 1811 3791 dum
1837 3741 1977 3803 ponit
1995 3743 2251 3805 positivam
2271 3742 2566 3795 nolitiouem
2588 3779 2606 3809 ,
2628 3742 2752 3808 agit,

737 3824 898 3884 neque
917 3811 1096 3872 dicitur
1113 3812 1309 3870 nullum
1328 3810 1511 3865 habere
1526 3810 1773 3878 objectum
1789 3813 2037 3866 notitionis
2052 3829 2171 3871 suae.
