2988 4832
1269 485 1399 558 309

331 605 489 678 dum
518 604 593 674 in
621 610 904 697 tempore
946 608 1011 674 et
1044 607 1220 673 tanto
1252 609 1540 695 tempore
1579 606 1645 672 et
1680 599 1791 675 tali
1826 603 2021 692 modo
2062 608 2346 679 existen-

330 720 483 792 tem,
517 718 580 781 et
615 713 719 782 tali
752 720 1038 805 tempore
1073 712 1456 789 finiendum,
1494 712 1785 805 adeoque
1819 719 1951 783 tota
1979 716 2246 786 mutatio
2272 719 2345 786 in

328 821 617 890 creatura
645 824 758 900 est,
793 843 969 912 quae.
1018 843 1173 890 cum
1199 826 1347 890 ante
1376 836 1511 890 non
1543 826 1704 891 esset
1717 872 1735 901 ,
1789 822 2050 892 existere
2073 822 2339 918 incepit,

327 928 650 1020 perdurat,
688 928 931 1005 finitur.
965 929 1034 997 id
1061 930 1370 998 efficiente
1398 928 1626 998 eodem
1654 929 1849 999 unico
1876 928 1996 999 Dei
2032 937 2178 1000 actu
2207 933 2350 1001 for-

327 1037 496 1124 mali·
526 1036 608 1104 ab
649 1042 888 1105 aeterno
926 1042 991 1104 et
1017 1037 1088 1103 in
1122 1042 1436 1105 aeternum
1461 1036 1868 1106 immutabili.
1906 1035 2122 1128 Itaque
2150 1037 2349 1108 homo

327 1144 623 1236 quidem,
672 1166 824 1213 cum
853 1167 930 1212 ex
958 1150 1434 1238 non-operante
1463 1145 1536 1213 fit
1566 1166 1855 1237 operans,
1901 1167 2146 1216 novum
2171 1148 2348 1239 ponit

318 1258 564 1324 actum.
597 1253 878 1343 adeoque
905 1254 1153 1321 interne
1184 1259 1487 1332 mutatur,
1518 1252 1691 1323 Deus
1715 1259 1952 1333 autem,
1985 1254 2158 1345 quod
2178 1277 2345 1346 ope-

324 1367 523 1441 ratur,
555 1360 637 1430 ab
665 1382 905 1430 aeterno
936 1367 1232 1453 operatur
1258 1364 1386 1430 sive
1412 1365 1766 1440 necessario,
1805 1368 1878 1430 ut
1905 1364 1977 1429 in
2003 1362 2246 1431 actibus
2267 1364 2350 1431 ad

325 1471 513 1550 intra,
540 1494 606 1538 v.
632 1492 700 1561 g.
723 1491 944 1538 amore
982 1470 1103 1546 sui.
1144 1471 1273 1538 sive
1314 1469 1520 1547 libere,
1553 1470 1649 1537 uti
1673 1470 1744 1537 in
1768 1469 2011 1537 actibus
2040 1469 2122 1538 ad
2145 1475 2342 1547 extra,

327 1601 391 1647 v.
432 1601 499 1670 g,
541 1579 885 1657 creatione,
925 1578 1015 1645 ita
1051 1578 1336 1668 quidem,
1379 1583 1452 1645 ut
1490 1578 1722 1645 unicus
1750 1581 1926 1645 actus
1946 1576 2067 1646 Dei
2093 1590 2349 1668 propter

323 1708 500 1753 suam
525 1688 896 1775 infinitatem
927 1686 1297 1777 aequivaleat
1337 1685 1638 1762 omnibus
1671 1683 2071 1776 possibilibus
2101 1684 2345 1755 actibus

324 1793 452 1867 sive
479 1792 929 1884 intelligentiae,
962 1795 1090 1862 sive
1112 1794 1426 1885 potentiae,
1457 1794 1588 1861 sive
1612 1793 1952 1861 voluntatis
1974 1798 2096 1862 etc.

411 1924 567 1992 Inst.
615 1923 679 1992 1⁰
706 1922 831 2005 Qui
857 1922 1247 2015 poenitentia.
1280 1922 1446 2000 odio,
1483 1944 1704 1991 amore
1737 1921 1999 2010 aliisque
2024 1919 2352 1989 affectibus

319 2032 571 2101 moveri
595 2037 816 2122 potest.
841 2032 1181 2101 intrinsece
1205 2036 1487 2100 mutatur
1516 2057 1532 2098 ε
1565 2031 1741 2119 atqui
1762 2052 1839 2097 ex
1867 2028 2197 2120 Scriptura
2225 2030 2350 2095 sci-

320 2159 492 2215 mus,
543 2136 753 2207 Deum
790 2142 1019 2207 moveri
1039 2140 1398 2231 poenitentia
1420 2163 1442 2205 .-
1468 2138 1561 2206 sic
1597 2138 1889 2228 poenituit
1933 2159 2087 2204 eum
2132 2137 2349 2205 fecisse

320 2245 655 2315 hominem
680 2247 760 2338 (1)
781 2276 797 2327 ;
823 2248 964 2315 odio
984 2243 1042 2313 εἰ
1066 2269 1272 2315 amore
1292 2270 1313 2314 .·
1335 2248 1424 2314 sic
1446 2244 1715 2314 Petrum
1737 2243 1927 2314 hodie
1947 2243 2132 2334 pium
2153 2248 2345 2320 amat,

322 2367 464 2421 cras
482 2354 759 2445 impium
781 2354 911 2424 odit
929 2359 1084 2435 etc.;
1122 2372 1299 2445 ergo,
1314 2406 1329 2424 .
1344 2405 1358 2423 .
1371 2405 1389 2424 .
2082 2362 2086 2367 ’

411 2488 495 2558 R.
541 2491 630 2557 D.
672 2491 839 2576 Maj.
894 2486 1020 2568 Qui
1066 2487 1436 2578 poenitentizi
1486 2491 1612 2555 etc.
1665 2491 1961 2555 movetur
2005 2481 2255 2575 proprie
2296 2490 2349 2549 et

320 2595 526 2689 quoad
550 2597 852 2688 affectum.
888 2602 1197 2674 mutatur,
1235 2596 1309 2666 C.
1340 2595 1508 2682 Maj.
1549 2593 1673 2675 Qui
1700 2598 1998 2662 movetur
2019 2591 2351 2681 improprie

321 2718 384 2774 et
403 2705 602 2794 quoad
627 2708 900 2796 effectum
924 2716 1266 2783 externum,
1293 2705 1380 2773 N.
1408 2706 1577 2790 Maj.
1605 2700 1802 2793 Atqui
1825 2700 2000 2770 Deus
2024 2705 2193 2768 certe
2217 2720 2351 2767 non

326 2818 657 2884 movetur.

413 2932 479 3024 α)
545 2935 916 3003 Paenitentia
964 2932 1163 3022 quoad
1208 2932 1493 3021 affectum
1544 2941 1601 2995 et
1647 2930 1923 3018 proprie.
1975 2926 2354 2995 Poenitentia

231 3094 238 3100 .
328 3042 509 3108 enim
550 3042 639 3109 sic
669 3046 924 3133 sumpta
960 3044 1056 3109 est
1098 3037 1366 3106 sensatio
1396 3034 1693 3128 quaedam
1734 3033 1994 3101 tristitiae
2029 3054 2108 3100 ex
2141 3031 2355 3099 male-

327 3148 497 3217 facto
521 3150 733 3218 oriens
761 3175 779 3218 2
807 3149 984 3240 atqui
1008 3154 1072 3217 et
1114 3145 1359 3215 tristitia
1404 3151 1468 3215 et
1508 3142 1922 3213 malefactum
1963 3140 2037 3208 in
2076 3135 2214 3208 Deo
2247 3159 2354 3206 re·
2482 3178 2489 3183 ·

328 3262 665 3347 pugnant;
698 3270 965 3344 ergo.‘..;
1012 3253 1201 3324 Unde
1241 3253 1503 3345 poenitet
1537 3250 1751 3320 Deum
1774 3249 1985 3318 solum
2014 3246 2353 3340 improprie
2407 3323 2416 3349 ;

332 3373 394 3429 et
418 3364 616 3451 quoad
633 3366 923 3454 effectum.
953 3366 1266 3453 quatenus
1287 3360 1545 3431 eosdem
1571 3363 1826 3427 externe
1852 3354 2143 3447 producit
2168 3350 2352 3421 effec-

332 3476 439 3538 tus
453 3521 471 3547 ‚
515 3471 629 3560 qui
659 3475 1075 3562 sequerentur
1117 3491 1195 3539 ex
1223 3468 1598 3561 poenitentia
1616 3517 1636 3547 ,
1686 3466 1740 3534 si
1780 3463 2162 3557 poenitentiae
2194 3465 2355 3529 esset

339 3599 578 3670 capaxz
606 3577 934 3671 Scriptura
959 3600 1193 3671 nempe
1222 3577 1353 3653 hic,
1398 3582 1471 3645 ut
1506 3576 1576 3644 in
1609 3572 1828 3642 multis
1867 3571 2005 3640 aliis
2032 3569 2212 3647 locis.
2237 3567 2356 3651 ‚lo-

340 3687 557 3789 quitur
583 3687 1047 3779 metaphorice·
1085 3692 1147 3756 et
1199 3708 1265 3757 se
1319 3680 1759 3757 accommodat
1809 3678 2023 3778 modo:
2050 3673 2353 3772 loquendi

339 3793 816 3883 interhomines
839 3801 1113 3891 recepto,
1148 3792 1370 3888 Neque
1393 3809 1688 3863 movetur

402 3996 474 4063 (1)
511 3998 704 4049 Genesi.
739 3997 854 4065 Cap.
881 4004 928 4051 6.
