2988 4832
207 616 495 702 ‚accepta
518 609 825 687 beneficia
868 608 1203 699 hominem
1229 608 1573 701 impellunt
1592 613 1620 688 ,'
1649 614 1738 679 *ut
1777 608 1916 681 Deo
1961 630 2083 702 ,pro
2125 609 2243 691 suti

215 719 597 816 jiberalitate
624 740 702 789 ae
746 718 1166 799 beneficentia
1203 724 1410 809 grates
1449 716 1740 789 exhibeat
1790 742 1812 789 ε
1858 718 2035 809 atqui
2054 762 2078 798 ‚
2120 718 2243 799 nisi

211 826 399 902 Deus
435 831 592 896 esset
626 825 790 897 liber
817 876 835 905 ,
872 824 1084 897 nullas
1125 826 1245 918 ipsi
1276 824 1655 895 deberemus
1693 824 1924 914 gratias
1966 846 2085 916 pm
2125 826 2242 907 ,sua

211 934 599 1024 iiberalitate
619 939 691 1021 ¹et
711 932 1153 1003 beneficentia.
1196 932 1574 1005 ,Liberalitas
1620 933 1783 1007 enim
1804 981 1823 1010 ,
1872 931 1959 999 ait
1998 928 2241 1001 Seneca

213 1041 306 1113 de
330 1043 466 1129 vita
484 1042 668 1113 beata
688 1092 705 1120 ‚
739 1043 885 1130 quia
903 1065 945 1108 a
975 1041 1162 1117 libero
1196 1041 1403 1109 animo
1428 1026 1848 1128 proficiscitur
1871 1088 1886 1116 ,
1918 1040 2013 1106 ita
2032 1047 2243 1111 vocata

134 1190 137 1193 ·
214 1163 305 1224 est
334 1201 353 1228 ,
380 1156 443 1220 et
467 1151 838 1239 Beneficium
864 1150 934 1216 id
973 1161 1080 1233 est,
1112 1150 1268 1237 quod
1302 1149 1436 1237 quis
1466 1147 1634 1235 dedit
1653 1191 1674 1227 ,
1705 1167 1862 1222 ,cum
1890 1146 1996 1214 illi
2036 1147 2244 1219 liceret

217 1273 280 1345 pt
307 1282 432 1331 non
457 1262 605 1351 dare
620 1308 641 1343 ‚
679 1264 752 1328 ut
772 1258 946 1333 idem
966 1256 1160 1331 habet
1184 1256 1270 1348 (1)

316 1430 466 1499 157.
504 1428 740 1500 Senon:
782 1427 1000 1520 Itaque
1034 1426 1210 1498 Deus
1230 1480 1246 1507 ,
1296 1428 1589 1519 quamvis
1634 1427 2002 1497 exercitium
2038 1426 2245 1499 liher-

221 1539 366 1631 tatis
382 1540 507 1629 ipsi
542 1539 625 1606 *sit
651 1538 1079 1607 necessarium
1105 1589 1123 1617 ‚
1168 1534 1251 1604 ad
1293 1536 1646 1608 creandum
1685 1541 1901 1604 tamen
1951 1536 2058 1605 vel
2108 1559 2243 1605 non

220 1636 581 1715 creandum
607 1652 701 1715 est
730 1645 1091 1713 liberrimus
1114 1694 1135 1723 ,
1162 1666 1314 1712 cum
1340 1645 1571 1711 creatio
1595 1647 1659 1710 et
1688 1645 2088 1711 non-creatio
2115 1645 2243 1711 sint

149 1811 154 1815 .
218 1752 365 1849 ¹ipsi
387 1752 514 1820 duo
542 1752 751 1821 media
774 1752 1135 1821 exercendae
1168 1751 1469 1819 libertatis
1507 1772 1763 1842 prorsus
1794 1752 2102 1840 aequalia,
2085 1779 2099 1795 ·
2150 1759 2243 1821 ast

219 1862 509 1950 quomodo
535 1863 697 1928 Deus
723 1862 876 1927 liber
895 1860 1157 1929 simulet
1182 1871 1383 1926 tamen
1412 1860 1814 1926 immutabilis
1850 1880 1966 1925 esse
1992 1871 2228 1948 potest.
2209 1864 2243 1907 ‘²

222 1960 331 2036 ‘Ad
357 1966 750 2036 concilianda
793 1967 920 2036 duo
960 1967 1104 2034 haec
1148 1963 1268 2034 Dei
1306 1965 1605 2033 attributa
1657 1965 1891 2055 duplex
1923 1965 2243 2059 praecipue

225 2070 701 2166 Theologorum
729 2097 805 2144 ae
829 2061 1363 2166 Philosophorum
1392 2078 1486 2143 est
1517 2074 1851 2143 sententia.
1884 2072 2017 2142 Alii
2065 2073 2243 2141 enim

317 2235 387 2302 1⁰
413 2231 694 2317 Dicunt,
745 2233 994 2302 decreta
1025 2232 1242 2302 divina
1280 2253 1394 2302 seu
1420 2237 1599 2301 actus
1642 2232 1873 2303 divinae
1900 2233 2242 2302 voluntatis

224 2331 311 2410 ad
330 2346 500 2410 extra
525 2363 657 2411 esse
689 2339 955 2411 neum
927 2363 1148 2435 lpsum
1171 2340 1645 2424 decernentem,
1693 2341 1804 2412 sed
1826 2340 2243 2413 nihilominus

227 2450 647 2542 concipienda
674 2472 806 2520 esse
851 2457 1157 2541 tanquam
1186 2451 1731 2520 modificationes
1712 2471 1784 2518 1n
1814 2448 1950 2519 Deo
1990 2452 2243 2520 contin-

226 2560 482 2644 gentes,
511 2559 625 2625 etsi
646 2559 780 2649 ejus
807 2557 1073 2627 minime
1093 2558 1484 2650 perfectivas.
1534 2558 1784 2630 Verum
1804 2559 1947 2630 haee
1977 2564 2241 2630 senten-

228 2663 316 2731 tia
344 2665 686 2754 rejicienda
708 2666 1003 2748 videtum
1036 2667 1260 2736 modos
1284 2670 1461 2737 enim
1484 2672 1548 2736 et
1572 2668 1950 2737 mutationes
1988 2667 2060 2735 in
2101 2665 2239 2740 Deo

226 2772 562 2862 supponit,
605 2779 668 2840 et
694 2774 854 2866 tollit
877 2774 959 2843 ab
988 2796 1065 2845 eo
1088 2777 1402 2846 rationem
1438 2775 1618 2846 aetus
1648 2778 1817 2867 puri.
1859 2775 1992 2845 Alii
2025 2797 2179 2850 vero
2212 2826 2231 2856 ‚

228 2897 506 2967 quorum
531 2882 837 2948 sententia
858 2885 1066 2950 verior
1084 2881 1354 2960 videtur,

312 3028 382 3094 2·
426 3026 694 3110 Dicunt,
745 3036 962 3098 actum
1006 3030 1235 3099 divinae
1280 3030 1620 3100 voluntatis
1673 3035 1872 3122 quoad
1926 3034 2239 3104 entitatem

227 3125 497 3203 unicum
524 3159 656 3214 esse
678 3143 741 3204 et
762 3137 1184 3208 necessarium
1204 3187 1223 3216 ,
1250 3144 1464 3229 utpote
1486 3140 1692 3230 ipsam
1719 3141 1999 3210 divinam
2028 3163 2239 3210 essen-

226 3244 412 3321 tiam,
401 3265 418 3282 ·
445 3242 555 3309 sed
579 3250 793 3312 actum
819 3244 998 3312 hunc
1035 3264 1213 3336 posse
1246 3245 1506 3313 tendere
1546 3246 1651 3315 vel
1698 3268 1831 3316 non
1864 3246 2120 3317 tendere
2166 3251 2238 3317 in

225 3338 444 3440 plures
488 3351 831 3428 terminos,
872 3350 1312 3422 habitudinem
1355 3352 1636 3442 aliquam
1668 3355 1902 3425 habere
1950 3357 2055 3425 vel
2102 3379 2237 3429 non

224 3453 461 3524 habere
485 3457 565 3524 ad
584 3479 793 3525 unum
817 3460 1203 3539 terminum,
1243 3482 1311 3528 v.
1348 3484 1415 3552 g.
1442 3462 1787 3531 mundum.
1820 3461 2037 3555 Itaque
2058 3467 2237 3556 juxta

224 3560 346 3631 hos
368 3554 630 3634 libertas
657 3565 776 3635 Dei
811 3567 1099 3638 consistit
1130 3571 1202 3636 in
1234 3571 1478 3637 entitate
1508 3573 1816 3639 volitiom's
1862 3574 2088 3640 divinoe
2135 3598 2237 3642 seu

225 3672 300 3748 in
319 3675 571 3742 essentia
592 3677 710 3748 Dei
728 3700 842 3766 pro
862 3689 1020 3744 nutu
1046 3700 1153 3744 suo
1176 3680 1520 3769 respiciente
1543 3682 1832 3768 objectum
1860 3684 2062 3748 conten
2067 3705 2233 3770 qens,

293 3905 360 3975 (1)
393 3907 500 3963 Lib,
526 3912 573 3963 7.
598 3908 657 3964 do
679 3913 943 3966 benefieiis.
970 3914 1087 3977 cap.
1114 3915 1190 3967 19.
