2988 4832
1562 405 1713 477 ,224
2077 462 2085 467 ,

731 537 810 609 c,
850 536 998 607 laea
1029 547 1124 602 ..a
1157 555 1293 607 esse.
1323 505 1729 630 simpliciter,
1768 537 1866 608 uti
1906 540 2043 607 tam
2082 555 2159 607 ex
2186 533 2297 604 ωε
2323 532 2518 605 dietis,
2538 550 2650 627 pa-

636 651 738 744 :tet
759 697 778 727 ‚
811 668 1009 737 quam
1035 667 1114 714 ex
1139 643 1284 715 Art.
1319 643 1363 714 2
1393 646 1587 738 hujus
1618 646 1835 739 capitis
1873 644 2189 736 colligitur
2207 694 2230 725 ‚
2280 665 2491 737 neque
2517 650 2652 714 tan·

514 843 518 847 ⁴
647 775 846 844 quam
891 752 1100 820 forma
1142 751 1345 821 menti
1372 751 1690 837 inhaerens
1720 751 1988 842 spectari
2031 755 2234 840 potest
2249 801 2270 830 ‚
2318 771 2530 842 neque
2564 757 2657 820 est

643 860 897 953 proprie
917 858 1240 950 loquendo
1255 858 1475 928 innata
1488 909 1509 943 ‚
1538 880 1751 950 neque
1772 859 2080 928 activitate
2096 858 2330 929 mentis
2351 858 2654 951 producta

506 994 507 997 ¹
646 991 760 1038 seu
785 969 1077 1046 formata,
1111 988 1324 1056 neque
1350 988 1466 1058 per
1493 988 1717 1035 sensus
1739 967 2023 1058 proxime
2044 966 2151 1036 vel
2174 964 2417 1035 remote
2433 964 2655 1056 acqui-

647 1077 762 1145 sita
781 1127 800 1154 ‚
841 1074 953 1143 sed
994 1074 1154 1143 ratio
1185 1085 1245 1139 τὸ
1268 1094 1404 1142 esse
1433 1073 1802 1166 simpliciter
1838 1073 2104 1166 percipit
2146 1071 2515 1145 immediate
2532 1122 2550 1150 ‚
2592 1080 2655 1140 et

649 1179 908 1271 quidem
930 1231 947 1258 ‚
990 1179 1214 1248 saltem
1241 1177 1471 1249 reflexe‘
1488 1231 1508 1258 ‚
1546 1179 1873 1247 occasione
1898 1178 2297 1258 sensationis‚
2334 1183 2401 1248 et
2432 1178 2653 1275 praeci-

649 1309 774 1380 pue
805 1286 1130 1357 occasione
1159 1286 1470 1356 sermonis
1491 1308 1603 1354 seu
1623 1285 1802 1354 verbi
1826 1283 2121 1356 humani.

1451 1491 1731 1564 CAPUT
1762 1492 1851 1572 112

1244 1675 1336 1741 De
1361 1675 1602 1761 oriqine
1627 1645 2090 1764 appetitionum.

743 1877 856 1948 98.
886 1877 1111 1954 Nihil,
1143 1875 1272 1965 qua
1310 1875 1473 1961 mnil
1499 1926 1517 1955 ‚
1557 1877 1653 1945 uti
1689 1896 1825 1944 non
1862 1877 2149 1968 percipi,
2182 1876 2271 1944 ita
2296 1896 2419 1947 nec
2443 1878 2654 1971 appeti

654 1987 895 2074 potest,
930 2002 1084 2074 ergo
1122 1980 1428 2072 quidquid
1447 1984 1758 2073 appetitur
1782 2033 1801 2062 ,
1832 1984 2146 2074 appetitur
2187 1990 2261 2052 ut
2286 2010 2407 2053 esse
2448 2007 2560 2054 seu
2589 1991 2656 2054 ut

657 2089 872 2157 bonum
902 2087 1010 2181 (1).
1051 2088 1295 2155 Bonum
1320 2092 1539 2156 autem
1567 2087 1868 2156 relatead
1887 2089 2221 2160 hominem
2258 2097 2352 2159 est
2377 2091 2608 2183 duplex
2632 2142 2649 2169 ‚

656 2196 1005 2263 sensitivam
1037 2200 1100 2261 et
1125 2195 1452 2264 rationale.
1510 2190 1720 2262 Homo
1755 2217 1988 2285 nempe
2014 2247 2031 2275 ,
2076 2202 2296 2288 utpote
2342 2198 2653 2290 composi-

656 2307 798 2373 tum
813 2300 1216 2385 substantiale
1243 2351 1260 2379 ‚
1296 2305 1593 2371 constans
1614 2322 1690 2369 ex
1710 2303 2095 2372 animalitate
2123 2310 2187 2372 et
2202 2304 2612 2375 rationalitate
2633 2356 2652 2385 ‚

655 2431 773 2501 pro
817 2406 1168 2477 diversitate
1210 2405 1706 2478 substantiarum
1724 2459 1745 2488 ,
1802 2431 1881 2478 ex
1924 2410 2155 2499 quibus
2204 2414 2608 2503 componitur
2633 2465 2650 2493 ‚

659 2515 932 2585 diversas
971 2513 1161 2582 etiam
1200 2512 1395 2583 habet
1435 2514 1844 2605 appetitiones
1901 2542 1919 2585 ε
1974 2520 2269 2586 animales
2293 2570 2312 2599 ‚
2348 2525 2660 2609 quatenus

657 2623 954 2704 instincta
980 2618 1259 2710 quodam
1286 2618 1462 2688 bono.
1483 2620 1763 2711 corporis
1792 2621 1893 2690 sui
1928 2624 2257 2696 consulere
2288 2627 2551 2718 satagit;
2598 2633 2658 2695 et

657 2729 1007 2809 rationales,
1043 2732 1354 2818 quatenus
1372 2747 1526 2796 cum
1553 2728 1930 2798 advertentia
1958 2733 2232 2823 rationis·
2254 2737 2318 2801 et
2337 2733 2492 2808 hinc
2512 2757 2665 2804 cum-

661 2834 1016 2924 cognitione
1039 2833 1185 2902 finis
1206 2833 1377 2903 bono
1404 2832 1537 2904 sive
1565 2835 1843 2926 corporis
1864 2836 1994 2905 sive
2027 2837 2261 2907 animae
2282 2839 2590 2930 providet.

746 2969 946 3040 Porro
973 2970 1384 3061 appetitiones
1411 2968 1719 3038 animales
1732 3020 1753 3050 ,
1785 2970 1982 3039 sicuti
2003 2971 2074 3039 in
2101 2970 2305 3041 brutis
2326 3024 2343 3052 ,
2381 2974 2469 3042 ita
2502 2981 2564 3043 et
2591 2974 2654 3042 in

659 3076 921 3145 homine
942 3128 962 3156 ‚
1012 3077 1314 3165 originem
1355 3073 1601 3144 ducunt
1649 3097 1728 3145 ex
1774 3078 2036 3168 sapienti
2069 3077 2467 3171 dispositione
2500 3079 2650 3159 Dei,

658 3183 789 3273 qua
820 3188 1048 3253 natura
1071 3182 1367 3252 animalis
1407 3181 1497 3251 ita
1537 3184 1870 3252 constituta
1896 3189 1989 3252 est
2009 3235 2029 3264 ,
2088 3192 2164 3254 ut
2210 3210 2326 3279 per
2376 3188 2655 3256 stimulos

658 3289 966 3360 animales
991 3288 1073 3382 (2)
1096 3289 1366 3381 propriae
1386 3290 1846 3360 conservationi
1872 3291 2115 3361 studeat
2132 3298 2195 3363 et
2214 3293 2295 3363 ad
2316 3293 2515 3363 finem
2543 3292 2653 3361 sibi

657 3395 990 3492 praefixum
1023 3394 1356 3488 dirigatur.

691 3573 697 3578 -
738 3516 996 3600 ‘Verum
1015 3518 1124 3591 hic
1145 3520 1480 3593 hominem
1497 3522 1780 3595 maxime
1807 3525 1976 3596 circa
1996 3511 2372 3597 nobiliorem
2393 3527 2491 3596 sui
2517 3546 2651 3619 par-

718 3731 796 3802 (ἱ)
816 3733 944 3789 Vide
966 3736 1127 3789 Ontol.
1146 3736 1282 3787 Part.
1305 3736 1348 3787 1.
1372 3723 1499 3805 stip.
1521 3738 1571 3790 k.
1593 3737 1715 3802 Pag.
1736 3740 1852 3789 209·

724 3816 794 3886 (2)
820 3817 1107 3885 Psycholoq.
1128 3819 1329 3887 Empir.
1349 3820 1484 3896 Part.
1508 3820 1571 3876 11.
1594 3820 1714 3885 Cap.
1736 3824 1783 3874 1.
1803 3821 1921 3886 Pag.
1957 3826 2022 3874 8·
2047 3830 2098 3876 et
2120 3839 2262 3891 seqq.
