2988 4832
1697 357 1738 397 Ι

1343 467 1476 537 373

401 588 647 662 Verum
675 583 1046 681 Philosophi
1071 572 1240 657 inter
1279 603 1348 656 se
1371 576 1714 658 unanimes
1736 585 1947 678 quoad
1974 577 2407 655 definitionem

333 694 347 709 ’
400 700 890 770 conservationis
911 719 988 766 ex
1008 701 1188 788 parte
1216 692 1376 776 Dei,
1408 702 1481 764 ut
1509 695 1588 765 sit
1607 694 1774 763 ratio
1814 693 2123 782 sufficiens
2151 742 2168 770 ‚
2205 703 2277 758 ut
2308 716 2409 761 ens

398 818 668 875 creatum
721 808 1109 875 existentiam
1157 826 1334 874 suam
1381 805 1722 881 continuet,
1771 805 1995 870 tamen
2038 790 2414 868 dissentiunt

401 913 568 983 circa
604 919 900 998 naturam
929 913 1107 983 istius
1135 911 1394 983 rationis
1419 909 1784 981 sufficientis
1811 962 1829 987 ,
1867 912 1931 977 et
1961 905 2119 977 hinc
2150 926 2412 976 conser-

399 1022 665 1093 vationis
684 1012 733 1102 ζ’
747 1027 811 1092 et
832 1022 1174 1091 admittimt
1199 1021 1321 1088 alii
1348 1019 1892 1088 conservationem
1922 1018 2216 1085 directam
2233 1066 2254 1096 ‚
2281 1014 2414 1105 qua

399 1129 742 1200 Deus‘actu
768 1132 1030 1221 positivo
1071 1129 1402 1199 creationis
1424 1129 1543 1210 {res
1572 1129 1763 1196 etiam
1791 1128 1804 1212 ξ
1806 1131 2134 1194 conservet
2159 1174 2179 1205 ,
2221 1129 2297 1192 ut
2335 1129 2419 1199 ad

401 1262 626 1310 earum
665 1240 1193 1310 annihilationem
1224 1261 1358 1307 non
1389 1239 1749 1329 requiratur
1782 1236 1905 1304 nisi
1951 1257 2131 1304 mera
2159 1235 2417 1304 cessatio

401 1370 515 1418 seu
538 1367 672 1417 non
697 1346 960 1416 ulterior
981 1347 1367 1417 continuatio
1401 1345 1576 1413 istius
1603 1343 2061 1434 actfispositivi
2083 1371 2114 1424 ;Δ
2128 1344 2250 1411 alii
2263 1365 2418 1412 vero

401 1456 805 1534 indirectam3
844 1453 975 1544 qua
1015 1475 1118 1522 res
1165 1451 1365 1520 semel
1396 1452 1729 1520 existentes
1765 1444 1893 1540 pcr'
1930 1471 1999 1518 se
2047 1449 2311 1541 quidem
2354 1456 2419 1518 et

399 1566 656 1658 propria
681 1566 912 1634 virtute
939 1548 1333 1631 existentiam
1383 1562 1873 1667 continuarent,
1916 1557 2092 1629 Deus
2136 1582 2291 1628 vero
2329 1583 2416 1629 ·ea

402 1676 611 1745 solum
639 1679 1029 1751 removeret,
1059 1695 1202 1763 quae
1233 1672 1380 1763 ipsis
1399 1676 1654 1761 possent
1676 1671 2002 1739 interitum
2028 1669 2253 1738 afferre
2280 1724 2294 1749 ,
2344 1676 2418 1738 ut
2479 1690 2484 1695 ·

403 1785 560 1852 adeo
583 1783 659 1852 ad
688 1805 912 1863 earum
935 1780 1460 1848 annihilationem
1486 1778 1846 1866 requiratur
1875 1782 2051 1846 actus
2081 1776 2201 1848 Dei
2238 1782 2417 1870 posi-

405 1894 595 1960 tivus,
636 1890 871 1959 Contra
896 1889 1014 1955 hos
1047 1889 1126 1955 sit
1153 1912 1172 1956 ε

448 2111 455 2120 ·
500 2089 649 2157 172.
699 2086 942 2157 PROP.
994 2085 1074 2154 ΙΙ.
1122 2083 1290 2158 Dens
1330 2105 1442 2155 nus
1485 2107 1682 2155 onnes
1725 2107 2014 2175 cantus,
2065 2108 2143 2156 nr
2184 2109 2415 2167 Qmmm

405 2219 660 2283 manem
681 2248 699 2272 .
751 2214 1124 2264 consrnvu.

488 2402 697 2473 Prot:
727 2400 852 2472 Vel
892 2400 1066 2472 Deus
1103 2401 1337 2472 directe
1374 2409 1705 2475 conservat
1744 2427 1848 2476 res
1878 2411 2136 2487 creataS,
2184 2389 2285 2479 vel
2314 2411 2439 2481 hae·

401 2513 656 2603 propi-ia
670 2514 924 2603 §virtute
969 2532 1154 2579 suam
1195 2512 1606 2596 existentiam·
1632 2514 2010 2583 continuant
2043 2523 2066 2584 i
2097 2518 2272 2606 atqui
2315 2540 2418 2588 res

401 2625 623 2689 creatae
650 2624 983 2710 nequeunt,
1004 2620 1261 2711 propria
1292 2620 1524 2688 virtute
1558 2643 1742 2690 suam
1782 2623 2174 2692 existentiam
2200 2626 2419 2695 conti-

402 2751 626 2797 nuare.
655 2726 825 2796 Nam
849 2730 902 2797 si
923 2750 1038 2796 ens
1060 2733 1346 2797 creatum
1366 2752 1484 2817 per
1509 2751 1575 2797 se
1604 2735 1667 2798 et
1693 2730 1954 2821 propria
1978 2731 2207 2800 virtute
2237 2754 2421 2800 suam
2456 2763 2458 2766 ’

403 2829 793 2906 existentiar‘n
821 2837 1237 2912 continuaret,
1290 2857 1332 2901 a
1370 2837 1580 2926 primo
1613 2858 1729 2904 suo
1763 2843 1907 2904 ortu
1934 2840 2248 2906 rationem
2290 2862 2421 2908 suae

403 2945 738 3014 existentiae
771 2945 842 3011 in
871 2965 936 3010 se
966 2942 1099 3010 solo
1136 2943 1489 3011 contineret
1517 2968 1534 3009 ε
1563 2943 1738 3031 atqui
1764 2943 1890 3011 hoc
1922 2950 2259 3037 repugnat.
2294 2944 2418 3014 Vel

401 3054 580 3123 enim
611 3052 771 3122 ratio
797 3050 908 3118 illa
936 3049 1276 3119 existentiae
1308 3053 1468 3135 esset
1500 3051 1573 3115 in
1600 3052 1856 3118 essentia
1882 3053 2073 3132 entis,
2113 3052 2220 3120 vel
2262 3059 2422 3122 esset
2481 3057 2484 3062 ’

399 3165 653 3229 tantum
693 3160 969 3228 accidens
1011 3162 1165 3227 entis
1188 3182 1212 3227 .·
1235 3159 1412 3249 atqui
1455 3181 1590 3228 non
1609 3164 1838 3251 potest
1879 3180 2013 3228 csse
2050 3159 2124 3227 in
2146 3162 2422 3227 ‘essentia

401 3270 495 3335 vel
525 3267 930 3358 possibilitate
960 3270 1117 3335 entis
1143 3291 1170 3347 ‚-
1213 3289 1407 3346 secus
1425 3290 1543 3336 ens
1582 3274 1867 3338 creatum
1896 3272 2058 3337 esset
2083 3289 2200 3336 ens
2242 3292 2285 3336 a
2323 3293 2418 3348 se.

401 3396 554 3445 cum
594 3377 881 3447 existeret
922 3377 990 3444 vi
1027 3376 1308 3445 essentiae
1349 3397 1464 3446 seu
1507 3378 1574 3446 vi
1614 3376 2031 3469 possibilitatis
2073 3397 2205 3444 suae
2245 3399 2264 3444 t
2308 3376 2423 3445 sed

401 3600 511 3654 ndeo
529 3599 693 3654 Deum
708 3600 860 3653 cuivis
879 3603 1114 3651 creaturae
1132 3602 1412 3653 immediate
1433 3601 1688 3665 conjungi;
1712 3601 1851 3651 addit
1871 3614 1886 3652 ε
1912 3601 2051 3652 Hunc
2079 3602 2245 3652 autem
2273 3597 2416 3670 effic-
2472 3617 2480 3628 ·

399 3675 506 3722 tum
519 3670 687 3726 causat
711 3674 843 3725 Deus
865 3674 919 3723 in
939 3672 1100 3735 rebus,
1121 3688 1217 3723 non
1239 3674 1400 3738 solum
1432 3674 1627 3739 quando
1661 3674 1833 3738 primo
1866 3686 1979 3724 ‘esse
1997 3673 2255 3737 {incipiunt
2278 3707 2296 3735 ‚
2328 3672 2420 3725 sed

400 3743 639 3809 quamdiu
667 3745 722 3796 in
740 3739 844 3796 este
861 3747 1207 3796 conservantur
1224 3757 1246 3795 .·
1265 3746 1394 3794 sicat
1413 3743 1577 3809 lumen
1587 3748 1818 3796 causatur
1835 3743 1889 3795 in
1912 3744 2028 3796 ae're
2040 3758 2075 3794 a
2092 3744 2196 3796 sole
2211 3782 2227 3810 ,
2244 3756 2416 3810 quom·

401 3814 492 3865 diu
530 3816 619 3866 αέν
659 3816 969 3867 illuminatus
1000 3820 1180 3866 manet.
1227 3816 1473 3876 Quamdiu
1520 3819 1680 3881 iqitur
1723 3832 1806 3867 res
1844 3814 1985 3868 habet
2034 3830 2141 3867 esse
2160 3850 2181 3881 ,
2221 3814 2416 3871 tamdiu

401 3888 606 3951 oportet,
632 3887 763 3951 qnod
784 3887 912 3937 Deus
932 3886 1066 3938 adsit
1095 3887 1143 3938 ei
1161 3887 1421 3937 secundum
1445 3889 1662 3953 modum,
1688 3904 1781 3954 qao
1802 3903 1905 3939 csse
1928 3888 2085 3939 hahet.

584 3979 622 4022 u
1444 4020 1455 4027 ,
2062 3961 2144 4025 ..23

1374 4024 1427 4034 ,Ὦ
