2988 4832
540 598 934 698 possibilitate
969 597 1094 672 sua
1121 600 1436 672 actualem
1476 594 1890 672 existentiam
1904 598 2187 719 adeoque
2213 615 2337 672 nec
2360 601 2424 672 vi
2443 620 2562 673 es·-

535 713 751 783 sentiae
783 727 935 782 suae
944 732 1058 780 seu
1084 710 1435 778 necessario
1457 708 1679 813 existit.

623 853 693 921 2·
727 849 911 934 Quod
935 851 1291 920 necessario
1322 851 1543 929 existit,
1570 850 1770 919 existit
1786 875 1827 919 a
1844 875 1925 929 se.
1956 857 2020 920 et
2048 848 2225 942 quod
2244 873 2287 919 α
2306 872 2366 917 se
2391 844 2549 920 exis-

534 960 629 1039 tit,
652 966 745 1028 est
771 959 1122 1028 necessario
1140 958 1469 1028 infinitum
1491 958 1575 1049 (1)
1605 983 1622 1027 z
1649 959 1825 1050 atqui
1855 958 2145 1028 mundus
2161 958 2277 1027 iste
2298 980 2434 1028 non
2455 966 2548 1028 est

535 1066 848 1146 infinitus.
894 1064 1065 1137 Nam
1083 1065 1169 1158 a)
1201 1066 1375 1158 quod
1411 1066 1739 1135 infinitum
1776 1071 1870 1134 est
1891 1114 1911 1147 ,
1948 1070 2042 1134 est
2067 1065 2336 1157 simplex
2356 1065 2546 1136 adeo-

520 1196 661 1267 ,que
686 1175 1090 1245 inextensum
1120 1172 1203 1265 (2)
1233 1196 1252 1242 ε
1287 1173 1465 1264 atqui
1500 1172 1785 1242 mundus
1810 1174 1924 1242 iste
1951 1178 2045 1247 est
2082 1174 2465 1265 compositus
2488 1180 2550 1242 et

535 1284 827 1350 extensus
862 1305 882 1362 ς
941 1301 1204 1372 ergo....
1256 1281 1337 1371 b)
1366 1279 1637 1373 Singula
1678 1302 1947 1373 corpora
1974 1332 1992 1360 .
2038 1303 2184 1372 quae
2224 1281 2549 1352 mundum

538 1394 977 1481 componunt,
1032 1393 1184 1458 sunt
1227 1389 1407 1457 finita
1431 1440 1449 1468 ‚
1484 1393 1703 1480 utpote
1743 1389 1868 1457 alia
1910 1393 2086 1459 extra
2134 1388 2256 1458 alia
2300 1391 2545 1482 posita:

542 1496 722 1587 atqui
753 1518 831 1565 ex
859 1497 1053 1565 finitis
1094 1497 1604 1588 quantiscunque
1645 1494 1766 1564 sibi
1803 1494 2027 1566 additis
2052 1517 2389 1587 nunquam
2423 1518 2551 1588 po-

538 1607 656 1672 test
674 1603 814 1673 fieri
839 1606 1093 1697 proprie
1120 1604 1368 1674 dictum
1395 1604 1730 1672 infinitum
1758 1630 1777 1684 ς
1802 1610 1946 1672 tum
1965 1604 2117 1693 quia
2136 1623 2390 1695 semper
2407 1620 2552 1672 ma-

543 1715 724 1781 neret
763 1711 1046 1781 eolleotio
1111 1704 1442 1782 finitoru'm
1464 1763 1483 1791 ,
1534 1733 1679 1802 quae
1722 1711 1973 1780 infinita
2017 1733 2151 1780 esse
2190 1717 2505 1804 repugnat
2529 1738 2555 1791 3·

545 1823 686 1888 tum
711 1818 864 1910 quia
884 1821 1309 1910 compositum
1330 1816 1871 1911 infinitum'exigit
1893 1840 2245 1887 numerum
2277 1821 2554 1910 partium

546 1926 912 2013 infinitum3
945 1926 1056 1996 sed
1081 1949 1391 1996 numerus
1418 1949 1763 2019 corporum
1806 1928 2208 1996 existentium
2239 1935 2556 2020 repugnat
2622 1972 2634 1988 ·

542 2054 677 2102 esse
713 2022 1001 2102 infinitus
1036 2037 1167 2103 sive
1198 2035 1268 2103 in
1298 2057 1363 2104 se
1388 2086 1406 2114 ,
1439 2035 1571 2125 qua
1599 2056 1912 2103 numerus
1938 2061 1956 2114 ;
1986 2035 2118 2102 sive
2151 2034 2372 2113 etiam,
2404 2036 2555 2125 quia

545 2160 810 2233 corpora
839 2163 1114 2211 numero
1136 2142 1383 2210 infinita
1424 2141 1747 2233 replerent
1782 2141 2059 2234 spatium
2104 2143 2297 2211 etiarn
2342 2142 2554 2211 infini-

542 2256 681 2318 tum
728 2256 1106 2342 motumque
1131 2273 1398 2320 omnem
1422 2251 1877 2341 impossibilem
1902 2252 2183 2322 facerent
2208 2303 2224 2329 ‚
2263 2250 2435 2342 quod
2462 2257 2555 2319 est

544 2362 766 2428 eontra
805 2359 1252 2451 experientiam
1281 2386 1298 2441 ς
1328 2380 1482 2451 ergo
1510 2360 1795 2428 mundus
1820 2360 1934 2431 iste
1958 2382 2093 2431 non
2134 2365 2225 2429 est
2247 2359 2548 2441 infinitus,

544 2466 828 2557 adeoque
860 2488 984 2534 nec
1009 2491 1053 2533 a
1075 2490 1137 2534 se
1171 2489 1283 2535 seu
1307 2468 1655 2537 necessario
1675 2469 1902 2537 existit.

633 2594 704 2665 3·
733 2593 918 2677 Quod
946 2596 1295 2665 necessario
1324 2597 1546 2674 existit,
1570 2602 1665 2666 est
1691 2597 1974 2668 absolute
2001 2598 2396 2669 immutabile
2414 2605 2557 2669 tum

543 2704 788 2773 ratione
818 2702 1202 2782 substantiae,
1230 2709 1371 2772 tum
1383 2705 1629 2773 ratione
1646 2706 1990 2775 modorum
2009 2707 2092 2798 (3)
2118 2733 2135 2776 ε
2162 2708 2337 2798 atqui
2356 2731 2557 2777 mun-

546 2808 668 2878 dus
689 2809 826 2888 iste,
857 2808 986 2899 qua
1017 2812 1420 2901 compositus,
1448 2817 1541 2880 est
1560 2813 1882 2882 mutabilis
1908 2819 2053 2882 tum
2076 2815 2320 2885 ratione
2346 2839 2558 2885 essen-

544 2916 649 2986 tiae
675 2939 805 2987 suae
825 2968 845 2998 .
887 2923 1031 2986 tum
1084 2919 1327 2988 ratione
1394 2918 1784 3003 modorum
1819 2944 1972 3013 ergo
2019 2937 2154 2991 non
2207 2923 2558 2993 necessario

546 3024 773 3095 existit.
969 3035 984 3050 '

545 3158 830 3331 tabli'lrob.
865 3158 1039 3228 Min.
1062 3179 1179 3250 per
1202 3164 1432 3252 partes.
1456 3157 1540 3228 Et
1566 3158 1829 3251 quidem
1855 3161 2141 3231 mundus
2166 3162 2279 3231 iste
2308 3167 2400 3232 est
2415 3181 2560 3234 mu

701 3285 752 3331 1s

632 3404 996 3497 a)R'atioroe
1040 3410 1306 3480 ,essentioe
1365 3433 1513 3480 suoe.
1572 3409 1743 3480 Nam
1789 3413 2055 3481 essentia
2108 3414 2339 3485 mundi
2361 3467 2379 3495 ,
2442 3421 2561 3483 ut·-

552 3516 696 3602 pote
722 3511 1084 3581 substantiae
1133 3518 1492 3606 compositae
1516 3568 1534 3597 ,
1573 3520 1969 3588 constituitur
2014 3523 2086 3589 in
2133 3523 2303 3591 certa
2350 3528 2563 3592 certa-

551 3639 702 3686 rum
716 3620 995 3711 partium
1023 3623 1471 3713 compositione
1499 3629 1563 3695 et
1590 3627 1830 3697 unione
1861 3627 1990 3720 (4):
2018 3630 2192 3717 atqui
2221 3629 2361 3700 haee
2382 3651 2558 3699 com·

615 3807 662 3872 (1
696 3809 748 3858 et
764 3804 817 3871 Β)
850 3804 2300 3877 Ontol.1'art.11.Sect.2.Cnp.1et2.paganum&

616 3875 685 3941 (3)
715 3874 921 3937 Ibidem,
945 3875 1065 3940 Cap.
1097 3882 1145 3933 3.
1180 3893 1295 3944 pag.
1313 3882 1427 3933 25⁰.

613 3945 686 4014 (6)
714 3946 841 3999 lbid.
862 3946 996 4001 Part.
1022 3947 1088 4002 ΙΙ.
1112 3950 1238 4004 Sect.
1268 3955 1318 4005 8.
1341 3951 1459 4018 Cup.
1484 3955 1534 4005 2.
1558 3954 1662 4006 Art
1700 3958 1746 4007 1.
1770 3956 1889 4021 Png.
1915 3959 2009 4008 265
2028 3959 2079 4008 et
2100 3959 2212 4008 267.
