2988 4832
1496 501 1628 572 372

557 620 947 710 cognoscens
967 625 1030 686 et
1056 620 1348 688 voluntas
1365 620 1586 689 efficax
1608 619 1775 688 inter
1818 616 2131 709 possibilia
2183 640 2393 686 unum
2444 637 2575 708 prae

557 727 681 799 alio
704 727 943 819 eligens
967 779 983 803 ‚
1025 729 1165 816 jam
1215 751 1363 796 vero
1413 730 1496 796 ad
1522 729 1639 797 hos
1679 732 1855 797 actus
1889 724 2010 795 Dei
2037 723 2306 806 nullam,
2336 727 2577 793 creatu·
2669 742 2678 751 ·

558 859 703 906 ram
732 857 1113 904 concurrere
1143 829 1322 925 posse
1349 835 1598 903 clarum
1622 840 1737 904 est.
2225 848 2230 849 ’

595 1037 603 1046 .
646 986 872 1055 Senon.
921 985 1091 1072 Deus
1119 1038 1137 1063 ,
1164 992 1308 1054 utut
1327 987 1575 1054 infinite
1600 991 1822 1076 potens
1849 1036 1865 1062 ,
1903 983 2125 1073 nequit
2148 988 2368 1051 tamen
2394 979 2584 1051 effec-

562 1101 704 1166 tum
732 1093 1057 1164 infinitum
1086 1093 1433 1185 producere
1456 1143 1476 1171 ,
1532 1094 1695 1161 sacta
1741 1093 1975 1160 infecta
2018 1088 2286 1157 reddere
2323 1092 2447 1156 etc.
2492 1086 2580 1178 (1)

565 1223 717 1274 cum
749 1204 830 1271 sit
858 1203 1013 1294 quid
1031 1203 1371 1271 intrinsece
1406 1200 1792 1292 impossihile
1817 1252 1832 1276 ,
1878 1199 1958 1266 ad
2001 1196 2068 1266 id
2106 1202 2324 1266 autem
2344 1245 2363 1274 ,
2391 1195 2592 1284 —ffquod

565 1310 1127 1382 contradictionem
1146 1308 1414 1378 involvit
1438 1358 1456 1386 ‚
1488 1309 1536 1378 i.
1564 1330 1628 1378 e.
1658 1307 1742 1376 ad
1770 1307 1937 1374 nihil
1963 1288 2375 1373 efficiendum
2403 1301 2592 1371 nulla

567 1424 662 1488 est
681 1417 982 1512 potentia.
1911 1438 1914 1445 ⁴
2647 1456 2667 1487 .

622 1594 623 1597 ¹
655 1565 810 1635 171.
849 1563 1018 1635 Cum
1047 1562 1508 1653 omnipotentia
1532 1611 1549 1639 ,
1603 1566 1921 1650 tanquam
1951 1558 2325 1624 attributum
2351 1605 2372 1633 ,
2428 1575 2593 1624 con-

570 1694 742 1746 nexa
793 1678 887 1741 est
928 1689 1343 1742 consanvxrro
1366 1701 1373 1707 ·
1397 1689 1622 1736 rerum
1663 1671 2044 1733 creatarum.
2080 1661 2459 1752 Intelligitur
2481 1682 2600 1728 au-

570 1789 702 1851 tem
722 1803 797 1848 ex
825 1781 920 1857 iia,
961 1800 1106 1868 qum
1151 1777 1484 1864 hucusque
1523 1775 1594 1841 in
1619 1772 1909 1840 decursu
1940 1769 2362 1859 Philosophiae
2410 1789 2597 1859 spar-

576 1890 697 1958 sim
734 1886 959 1972 tradita
994 1892 1166 1963 sunt,
1224 1882 1943 1969 conservationemncon
1959 1875 2320 1967 cipiendam
2350 1895 2483 1943 esse
2521 1880 2603 1943 ut

575 2002 792 2066 actum
811 1995 1159 2090 creationiS,
1184 1989 1532 2060 formaliter
1554 1992 1799 2055 tantam
1820 1985 1917 2053 rei
1947 1982 2347 2052 durationem
2389 1982 2601 2050 inten-

578 2107 839 2177 dentem
867 2156 883 2183 ,
937 2106 1252 2192 quatenus
1292 2096 1466 2165 Deus
1519 2093 1747 2162 eodem
1793 2090 2162 2159 voluntatis.
2196 2090 2359 2157 nutu
2385 2141 2403 2169 ‚
2468 2113 2601 2180 quo

577 2215 716 2284 vult
764 2235 907 2283 rem
946 2210 1207 2278 existere
1236 2257 1253 2283 ,
1301 2204 1443 2273 vult
1487 2204 1680 2271 etiam
1710 2221 1857 2267 eam
1882 2203 2059 2267 tanto
2097 2204 2381 2287 tempore
2425 2197 2599 2265 exis-

577 2329 710 2393 tere
731 2374 746 2401 ,
803 2326 877 2388 ut
909 2317 1066 2386 adeo
1092 2316 1160 2385 vi
1183 2313 1477 2408 ejusdem⁸
1500 2310 1678 2378 actus
1698 2358 1718 2387 ,
1756 2328 1884 2396 quo
1902 2305 2132 2397 incipit
2158 2326 2268 2373 res
2290 2305 2552 2375 existere
2571 2355 2595 2383 ,

577 2432 766 2502 etiam
791 2426 1182 2496 existentiam
1204 2422 1533 2491 continuet
1554 2424 1617 2487 et
1629 2422 1804 2485 tanto
1827 2418 2115 2504 tempore
2133 2411 2464 2482 continuet
2479 2399 2594 2504 (2).

618 2690 629 2699 ·
642 2674 712 2741 (1)
741 2674 894 2725 Plura
925 2673 1076 2724 etiam
1111 2670 1209 2720 alia
1249 2667 1535 2729 hujusmodi
1583 2666 1724 2714 affert
1752 2662 1944 2712 Plinius
1965 2674 1982 2712 z
2007 2659 2137 2711 Hist.
2164 2661 2333 2710 natur.
2374 2658 2490 2710 Lib.
2531 2658 2604 2709 11.

516 2775 517 2778 =
581 2747 702 2810 Cap.
727 2750 775 2798 5.
796 2748 858 2796 ad
877 2741 1266 2796 labefactandam
1306 2740 1460 2790 fidem
1489 2737 1545 2787 in
1582 2734 1992 2797 omnipotentiam
2027 2730 2140 2783 Dei.
2168 2732 2259 2780 Ast
2300 2730 2351 2780 S.
2389 2730 2610 2781 Thomas

582 2817 791 2881 simplici
818 2819 1049 2879 responso
1071 2828 1086 2865 ε
1112 2814 1242 2864 Deus
1260 2812 1346 2862 hoc
1362 2823 1459 2860 non
1472 2809 1656 2876 potest,
1677 2806 1796 2872 quia
1817 2807 1894 2855 est
1922 2802 2241 2855 contradictio
2263 2815 2281 2850 :
2315 2799 2607 2859 hujusmodi

582 2890 781 2942 refutat.
805 2889 921 2939 Jam
944 2891 1059 2940 aute
1081 2886 1390 2937 D.Thomam
1411 2883 1464 2932 S.
1486 2880 1752 2932 Anselmus
1771 2876 2000 2941 Prosloq.
2027 2873 2146 2935 Cap.
2170 2875 2197 2921 '7
2224 2871 2286 2920 ad
2304 2872 2479 2921 eadem
2506 2885 2611 2923 res-

583 2961 777 3026 pandit,
799 2959 966 3012 dicens
995 2974 1009 3009 t
1035 2956 1136 3009 Sed
1158 2960 1206 3007 et
1223 2954 1526 3020 omnipotens
1546 2948 1787 3016 quomodo
1806 2962 1880 3011 es,
1900 2948 1948 2997 si
1975 2960 2072 2997 non
2093 2944 2263 2995 omnia
2281 2945 2423 3008 potes
2439 2943 2469 2991 ?
2512 2945 2616 2995 Aut

581 3036 629 3085 si
657 3049 753 3085 non
781 3037 919 3099 potes
936 3029 1191 3094 corrumpi
1204 3060 1228 3093 9
1256 3040 1342 3077 nec
1359 3024 1597 3085 mentiri,
1620 3036 1707 3071 nec
1735 3022 1900 3084 facere
1923 3031 2093 3072 vertum
2115 3029 2220 3065 esse
2244 3014 2438 3079 falsum
2459 3027 2481 3063 .·
2503 3016 2610 3076 aut,

584 3106 718 3172 quod
743 3108 930 3170 factum
957 3106 1047 3164 est,
1067 3115 1165 3153 non
1184 3113 1288 3150 esse
1307 3099 1517 3163 factum,
1537 3097 1585 3143 et
1598 3093 1755 3158 plura
1775 3090 2013 3150 similiter
2040 3101 2061 3139 .·
2081 3084 2321 3152 quamodo
2335 3087 2479 3149 potes
2501 3100 2610 3135 om·

584 3178 672 3227 nia
686 3179 715 3227 P
734 3177 835 3229 Aut
853 3175 955 3226 haec
970 3188 1132 3239 posse,
1152 3186 1247 3222 non
1266 3172 1340 3220 est
1357 3165 1603 3233 potentia‚‘
1616 3162 1705 3213 sed
1726 3161 2031 3227 impotentia.
2058 3158 2193 3219 Nam
2207 3157 2300 3223 qui
2313 3156 2415 3205 Izoec
2427 3158 2613 3220 potest.

588 3248 721 3316 quod
737 3247 836 3298 sibi
853 3260 948 3298 non
971 3243 1169 3310 expedit
1194 3244 1241 3291 et
1262 3239 1394 3307 quod
1410 3248 1517 3288 non*
1526 3234 1681 3301 debet,
1708 3235 1890 3299 potest,
1912 3246 2023 3298 quoe
2044 3231 2224 3296 quanto
2252 3226 2417 3292 maqis
2432 3229 2610 3292 potest,

588 3322 724 3371 tanto
753 3320 918 3384 maqis
938 3314 1215 3367 adversitas
1235 3315 1282 3362 et
1293 3308 1601 3376 perversitas
1616 3306 1822 3371 possunt
1844 3304 1896 3353 in
1916 3302 2091 3363 illum,
2116 3302 2164 3349 et
2184 3299 2295 3363 ipse
2310 3297 2477 3347 minus
2498 3312 2614 3348 con-

590 3395 672 3442 tra
695 3390 832 3441 illas,
860 3389 954 3448 Oui
972 3401 1092 3451 erqo
1124 3386 1198 3435 sic
1225 3385 1402 3448 potest,
1422 3394 1519 3430 non
1535 3377 1755 3442 potentia
1769 3376 1950 3439 potest,
1972 3371 2063 3423 sed
2083 3368 2386 3435 impotentia.
2422 3366 2620 3417 Fortius

593 3462 744 3511 etiam
779 3460 998 3523 loquitur
1017 3458 1081 3508 D.
1104 3457 1314 3518 August.
1352 3452 1516 3504 Serm,
1556 3451 1648 3499 214
1673 3449 1726 3498 in
1747 3445 2015 3497 traditione
2050 3440 2274 3507 symboli
2304 3438 2395 3490 111.
2426 3439 2617 3508 dicens,

591 3532 754 3583 Deum
773 3534 878 3583 haec
897 3533 947 3580 et
964 3527 1052 3590 huj
1061 3526 1250 3577 asmodi
1277 3524 1373 3575 alia
1396 3537 1498 3573 non
1517 3534 1671 3584 posse,
1696 3517 1815 3581 quia
1832 3529 1936 3586 non
1951 3515 2056 3565 vult
2074 3520 2125 3563 et
2144 3513 2269 3562 velle
2291 3523 2391 3560 non
2435 3513 2612 3572 potest.

591 3604 723 3655 Nam
746 3616 762 3654 ε
785 3602 909 3663 Quia
928 3615 1023 3651 non
1042 3599 1163 3663 vult,
1179 3611 1274 3648 non
1286 3597 1466 3660 potest,
1485 3591 1605 3659 quia
1625 3594 1673 3641 et
1693 3588 1817 3641 velle
1838 3601 1936 3638 non
1948 3587 2134 3652 potestr
2162 3582 2274 3634 Non
2292 3579 2423 3631 enim
2454 3583 2619 3645 poter.⁸

583 3674 792 3741 justitia
809 3673 932 3725 velle
960 3674 1144 3737 facere,
1165 3667 1297 3735 quod
1320 3666 1563 3731 injustum
1583 3665 1657 3713 est
1670 3699 1687 3728 ,
1711 3664 1799 3711 aut
1817 3657 2060 3726 sapientia
2080 3654 2222 3719 velle,
2260 3651 2392 3721 quod
2409 3651 2624 3702 &tultam

593 3747 689 3820 eet,
715 3747 802 3798 aut
821 3744 1004 3797 veritas
1026 3742 1171 3805 velle,
1189 3738 1320 3807 quod
1337 3737 1528 3805 salsum
1546 3737 1638 3788 est.

660 3844 730 3915 (a)
762 3844 959 3910 nasum
979 3846 1043 3898 n.
1065 3845 1276 3896 'thomas
1307 3842 1447 3893 docet
1474 3840 1683 3890 summa
1705 3812 1945 3887 Theotqr.
1966 3836 2016 3884 1.
2044 3800 2227 3891 Quae'st.
2264 3834 2313 3883 8.
2336 3830 2432 3880 art.
2456 3829 2507 3879 1.
2530 3826 2622 3878 ubi

597 3921 856 3987 postquam
877 3918 1101 3996 dixisset,
1148 3914 1384 3982 quamvis·
1408 3916 1686 3965 creaturam
1727 3922 1831 3961 esse
1857 3908 2083 3958 effectum
2116 3905 2207 3957 Dei
2236 3902 2333 3967 qua
2363 3912 2540 3963 causae,
2566 3901 2620 3949 et
