<?xml version="1.0" encoding="UTF-8"?>
<!DOCTYPE html PUBLIC "-//W3C//DTD XHTML 1.0 Transitional//EN"
    "http://www.w3.org/TR/xhtml1/DTD/xhtml1-transitional.dtd">
<html xmlns="http://www.w3.org/1999/xhtml" xml:lang="en" lang="en">
 <head>
  <title>
</title>
<meta http-equiv="Content-Type" content="text/html;charset=utf-8" />
  <meta name='ocr-system' content='tesseract 3.04.00' />
  <meta name='ocr-capabilities' content='ocr_page ocr_carea ocr_par ocr_line ocrx_word'/>
</head>
<body>
  <div class='ocr_page' id='page_1' title='image "./institutionesph00rothgoog_0253.png"; bbox 0 0 2988 4832; ppageno 0'>
   <div class='ocr_carea' id='block_1_1' title="bbox 1190 452 1321 527">
    <p class='ocr_par' dir='ltr' id='par_1_1' title="bbox 1190 452 1321 527">
     <span class='ocr_line' id='line_1_1' title="bbox 1190 452 1321 527; baseline 0 0"><span class='ocrx_word' id='word_1_1' title='bbox 1190 452 1321 527; x_wconf 71' lang='lat'><strong>243</strong></span> 
     </span>
    </p>
   </div>
   <div class='ocr_carea' id='block_1_2' title="bbox 257 551 2276 893">
    <p class='ocr_par' dir='ltr' id='par_1_2' title="bbox 257 551 2276 893">
     <span class='ocr_line' id='line_1_2' title="bbox 351 551 2275 679; baseline 0.003 -24"><span class='ocrx_word' id='word_1_2' title='bbox 351 586 510 657; x_wconf 62' lang='grc' dir='ltr'><strong>[ωε.</strong></span> <span class='ocrx_word' id='word_1_3' title='bbox 561 584 632 659; x_wconf 83' lang='lat'><strong>2·</strong></span> <span class='ocrx_word' id='word_1_4' title='bbox 659 580 972 661; x_wconf 70' lang='lat' dir='ltr'><strong>sanctitas</strong></span> <span class='ocrx_word' id='word_1_5' title='bbox 996 551 1314 677; x_wconf 51' lang='lat' dir='ltr'><strong>tlt-justitia</strong></span> <span class='ocrx_word' id='word_1_6' title='bbox 1357 583 1480 656; x_wconf 70' lang='lat' dir='ltr'><strong>Dei</strong></span> <span class='ocrx_word' id='word_1_7' title='bbox 1521 583 1758 665; x_wconf 64' lang='lat' dir='ltr'><strong>debent</strong></span> <span class='ocrx_word' id='word_1_8' title='bbox 1800 581 2099 679; x_wconf 69' lang='lat' dir='ltr'><strong>componi</strong></span> <span class='ocrx_word' id='word_1_9' title='bbox 2123 599 2275 667; x_wconf 70' lang='lat' dir='ltr'><strong>cum</strong></span> 
     </span>
     <span class='ocr_line' id='line_1_3' title="bbox 257 690 2276 795; baseline 0.001 -30"><span class='ocrx_word' id='word_1_10' title='bbox 257 690 535 765; x_wconf 84' lang='lat' dir='ltr'><strong>bonitate</strong></span> <span class='ocrx_word' id='word_1_11' title='bbox 566 719 585 765; x_wconf 73' lang='lat' dir='ltr'><strong><em>z</em></strong></span> <span class='ocrx_word' id='word_1_12' title='bbox 618 695 794 784; x_wconf 80' lang='lat' dir='ltr'><strong>atqui</strong></span> <span class='ocrx_word' id='word_1_13' title='bbox 835 694 887 763; x_wconf 90' lang='lat' dir='ltr'><strong>si</strong></span> <span class='ocrx_word' id='word_1_14' title='bbox 934 693 1109 765; x_wconf 76' lang='lat' dir='ltr'><strong>Deus</strong></span> <span class='ocrx_word' id='word_1_15' title='bbox 1158 699 1477 767; x_wconf 75' lang='lat' dir='ltr'><strong>aeternum</strong></span> <span class='ocrx_word' id='word_1_16' title='bbox 1520 693 1761 795; x_wconf 12' lang='lat' dir='ltr'><strong>punire&lt;</strong></span> <span class='ocrx_word' id='word_1_17' title='bbox 1802 698 2048 791; x_wconf 72' lang='lat' dir='ltr'><strong>posset,</strong></span> <span class='ocrx_word' id='word_1_18' title='bbox 2095 691 2276 769; x_wconf 66' lang='lat' dir='ltr'><strong>locun</strong></span> 
     </span>
     <span class='ocr_line' id='line_1_4' title="bbox 257 800 1449 893; baseline 0.001 -22"><span class='ocrx_word' id='word_1_19' title='bbox 257 824 399 872; x_wconf 89' lang='lat' dir='ltr'><strong>non</strong></span> <span class='ocrx_word' id='word_1_20' title='bbox 428 808 589 873; x_wconf 77' lang='lat' dir='ltr'><strong>esset</strong></span> <span class='ocrx_word' id='word_1_21' title='bbox 615 803 752 893; x_wconf 79' lang='lat' dir='ltr'><strong>ejus</strong></span> <span class='ocrx_word' id='word_1_22' title='bbox 792 800 1105 887; x_wconf 65' lang='lat' dir='ltr'><strong>bonitatig</strong></span> <span class='ocrx_word' id='word_1_23' title='bbox 1151 822 1449 891; x_wconf 85' lang='lat' dir='ltr'><strong>ergo.....</strong></span> 
     </span>
    </p>
   </div>
   <div class='ocr_carea' id='block_1_3' title="bbox 198 959 2281 2686">
    <p class='ocr_par' dir='ltr' id='par_1_3' title="bbox 198 959 2281 2686">
     <span class='ocr_line' id='line_1_5' title="bbox 344 959 2278 1062; baseline -0.001 -19"><span class='ocrx_word' id='word_1_24' title='bbox 344 972 429 1043; x_wconf 88' lang='lat' dir='ltr'><strong>R.</strong></span> <span class='ocrx_word' id='word_1_25' title='bbox 477 968 571 1043; x_wconf 54' lang='grc' dir='ltr'><strong>σς</strong></span> <span class='ocrx_word' id='word_1_26' title='bbox 605 973 773 1062; x_wconf 79' lang='lat' dir='ltr'><strong>Maj.</strong></span> <span class='ocrx_word' id='word_1_27' title='bbox 821 973 910 1041; x_wconf 90' lang='lat' dir='ltr'><strong>N.</strong></span> <span class='ocrx_word' id='word_1_28' title='bbox 951 959 1151 1042; x_wconf 61' lang='lat' dir='ltr'><strong>Mz&#39;ns‘</strong></span> <span class='ocrx_word' id='word_1_29' title='bbox 1170 968 1339 1042; x_wconf 89' lang='lat' dir='ltr'><strong>Nam</strong></span> <span class='ocrx_word' id='word_1_30' title='bbox 1389 979 1613 1044; x_wconf 83' lang='lat' dir='ltr'><strong>contra</strong></span> <span class='ocrx_word' id='word_1_31' title='bbox 1660 969 1838 1046; x_wconf 76' lang='lat' dir='ltr'><strong>Deus</strong></span> <span class='ocrx_word' id='word_1_32' title='bbox 1876 992 2028 1047; x_wconf 77' lang='lat' dir='ltr'><strong>vere</strong></span> <span class='ocrx_word' id='word_1_33' title='bbox 2068 976 2278 1044; x_wconf 80' lang='lat' dir='ltr'><strong>bonus</strong></span> 
     </span>
     <span class='ocr_line' id='line_1_6' title="bbox 266 1078 2281 1181; baseline -0.001 -29"><span class='ocrx_word' id='word_1_34' title='bbox 266 1104 404 1152; x_wconf 92' lang='lat' dir='ltr'><strong>non</strong></span> <span class='ocrx_word' id='word_1_35' title='bbox 456 1086 651 1159; x_wconf 86' lang='lat' dir='ltr'><strong>esset,</strong></span> <span class='ocrx_word' id='word_1_36' title='bbox 699 1079 823 1149; x_wconf 90' lang='lat' dir='ltr'><strong>nisi</strong></span> <span class='ocrx_word' id='word_1_37' title='bbox 860 1078 1126 1152; x_wconf 87' lang='lat' dir='ltr'><strong>bonitati</strong></span> <span class='ocrx_word' id='word_1_38' title='bbox 1167 1101 1278 1150; x_wconf 89' lang='lat' dir='ltr'><strong>seu</strong></span> <span class='ocrx_word' id='word_1_39' title='bbox 1314 1082 1560 1153; x_wconf 88' lang='lat' dir='ltr'><strong>entitati</strong></span> <span class='ocrx_word' id='word_1_40' title='bbox 1601 1088 1851 1155; x_wconf 79' lang='lat' dir='ltr'><strong>naturae</strong></span> <span class='ocrx_word' id='word_1_41' title='bbox 1897 1078 2281 1181; x_wconf 81' lang='lat' dir='ltr'><strong>superadda-</strong></span> 
     </span>
     <span class='ocr_line' id='line_1_7' title="bbox 258 1188 2280 1285; baseline 0 -28"><span class='ocrx_word' id='word_1_42' title='bbox 258 1199 367 1259; x_wconf 85' lang='lat' dir='ltr'><strong>tur</strong></span> <span class='ocrx_word' id='word_1_43' title='bbox 391 1189 642 1258; x_wconf 84' lang='lat' dir='ltr'><strong>bonitas</strong></span> <span class='ocrx_word' id='word_1_44' title='bbox 664 1188 920 1257; x_wconf 90' lang='lat' dir='ltr'><strong>moralis</strong></span> <span class='ocrx_word' id='word_1_45' title='bbox 936 1240 953 1269; x_wconf 85' lang='lat'>‚</span> <span class='ocrx_word' id='word_1_46' title='bbox 979 1188 1025 1257; x_wconf 91' lang='lat' dir='ltr'><strong>i.</strong></span> <span class='ocrx_word' id='word_1_47' title='bbox 1056 1211 1115 1257; x_wconf 90' lang='lat' dir='ltr'><strong>e.</strong></span> <span class='ocrx_word' id='word_1_48' title='bbox 1145 1188 1385 1281; x_wconf 83' lang='lat' dir='ltr'><strong>justitia</strong></span> <span class='ocrx_word' id='word_1_49' title='bbox 1401 1194 1464 1258; x_wconf 90' lang='lat' dir='ltr'><strong>et</strong></span> <span class='ocrx_word' id='word_1_50' title='bbox 1483 1190 1782 1260; x_wconf 74' lang='lat' dir='ltr'><strong>sanctitas</strong></span> <span class='ocrx_word' id='word_1_51' title='bbox 1803 1218 1823 1273; x_wconf 74' lang='grc' dir='ltr'>ς</span> <span class='ocrx_word' id='word_1_52' title='bbox 1844 1212 1999 1285; x_wconf 82' lang='lat' dir='ltr'><strong>ergo</strong></span> <span class='ocrx_word' id='word_1_53' title='bbox 2019 1191 2073 1258; x_wconf 91' lang='lat' dir='ltr'><strong>si</strong></span> <span class='ocrx_word' id='word_1_54' title='bbox 2098 1209 2280 1259; x_wconf 88' lang='lat' dir='ltr'><strong>sanc-</strong></span> 
     </span>
     <span class='ocr_line' id='line_1_8' title="bbox 258 1294 2278 1393; baseline -0 -28"><span class='ocrx_word' id='word_1_55' title='bbox 258 1300 399 1365; x_wconf 84' lang='lat' dir='ltr'><strong>titas</strong></span> <span class='ocrx_word' id='word_1_56' title='bbox 446 1298 669 1388; x_wconf 85' lang='lat' dir='ltr'><strong>exigit,</strong></span> <span class='ocrx_word' id='word_1_57' title='bbox 720 1302 795 1365; x_wconf 93' lang='lat' dir='ltr'><strong>ut</strong></span> <span class='ocrx_word' id='word_1_58' title='bbox 821 1297 965 1367; x_wconf 90' lang='lat' dir='ltr'><strong>odio</strong></span> <span class='ocrx_word' id='word_1_59' title='bbox 992 1304 1410 1393; x_wconf 80' lang='lat' dir='ltr'><strong>prosequatur</strong></span> <span class='ocrx_word' id='word_1_60' title='bbox 1441 1303 1777 1391; x_wconf 88' lang='lat' dir='ltr'><strong>peccatum</strong></span> <span class='ocrx_word' id='word_1_61' title='bbox 1804 1349 1822 1378; x_wconf 85' lang='lat'><strong>,</strong></span> <span class='ocrx_word' id='word_1_62' title='bbox 1862 1294 2040 1367; x_wconf 84' lang='lat' dir='ltr'><strong>Deus</strong></span> <span class='ocrx_word' id='word_1_63' title='bbox 2068 1297 2278 1369; x_wconf 87' lang='lat' dir='ltr'><strong>bonus</strong></span> 
     </span>
     <span class='ocr_line' id='line_1_9' title="bbox 255 1403 2276 1497; baseline 0.001 -24"><span class='ocrx_word' id='word_1_64' title='bbox 255 1425 392 1474; x_wconf 90' lang='lat' dir='ltr'><strong>non</strong></span> <span class='ocrx_word' id='word_1_65' title='bbox 423 1410 628 1484; x_wconf 88' lang='lat' dir='ltr'><strong>esset,</strong></span> <span class='ocrx_word' id='word_1_66' title='bbox 681 1403 805 1473; x_wconf 89' lang='lat' dir='ltr'><strong>nisi</strong></span> <span class='ocrx_word' id='word_1_67' title='bbox 861 1404 1061 1474; x_wconf 89' lang='lat' dir='ltr'><strong>oderit</strong></span> <span class='ocrx_word' id='word_1_68' title='bbox 1088 1409 1467 1497; x_wconf 73' lang='lat' dir='ltr'><strong>peccatumz</strong></span> <span class='ocrx_word' id='word_1_69' title='bbox 1510 1406 1689 1496; x_wconf 83' lang='lat' dir='ltr'><strong>atqui</strong></span> <span class='ocrx_word' id='word_1_70' title='bbox 1716 1405 2015 1475; x_wconf 85' lang='lat' dir='ltr'><strong>sanctitas</strong></span> <span class='ocrx_word' id='word_1_71' title='bbox 2041 1405 2276 1497; x_wconf 85' lang='lat' dir='ltr'><strong>exigit,</strong></span> 
     </span>
     <span class='ocr_line' id='line_1_10' title="bbox 253 1509 2270 1605; baseline 0 -25"><span class='ocrx_word' id='word_1_72' title='bbox 253 1518 327 1580; x_wconf 89' lang='lat' dir='ltr'><strong>ut</strong></span> <span class='ocrx_word' id='word_1_73' title='bbox 350 1518 688 1604; x_wconf 83' lang='lat' dir='ltr'><strong>peccatum</strong></span> <span class='ocrx_word' id='word_1_74' title='bbox 708 1563 731 1593; x_wconf 88' lang='lat'><strong><em>,</em></strong></span> <span class='ocrx_word' id='word_1_75' title='bbox 790 1516 1006 1605; x_wconf 87' lang='lat' dir='ltr'><strong>utpote</strong></span> <span class='ocrx_word' id='word_1_76' title='bbox 1053 1512 1411 1605; x_wconf 84' lang='lat' dir='ltr'><strong>oppositum</strong></span> <span class='ocrx_word' id='word_1_77' title='bbox 1455 1509 1688 1581; x_wconf 84' lang='lat' dir='ltr'><strong>divinis</strong></span> <span class='ocrx_word' id='word_1_78' title='bbox 1730 1510 1860 1582; x_wconf 84' lang='lat' dir='ltr'><strong>suis</strong></span> <span class='ocrx_word' id='word_1_79' title='bbox 1904 1509 2223 1581; x_wconf 85' lang='lat' dir='ltr'><strong>attributis</strong></span> <span class='ocrx_word' id='word_1_80' title='bbox 2249 1563 2270 1591; x_wconf 86' lang='lat'><strong>,</strong></span> 
     </span>
     <span class='ocr_line' id='line_1_11' title="bbox 255 1617 2278 1714; baseline 0 -25"><span class='ocrx_word' id='word_1_81' title='bbox 255 1621 613 1695; x_wconf 83' lang='lat' dir='ltr'><strong>necessario</strong></span> <span class='ocrx_word' id='word_1_82' title='bbox 643 1620 787 1689; x_wconf 94' lang='lat' dir='ltr'><strong>odio</strong></span> <span class='ocrx_word' id='word_1_83' title='bbox 807 1625 1227 1714; x_wconf 85' lang='lat' dir='ltr'><strong>prosequatur</strong></span> <span class='ocrx_word' id='word_1_84' title='bbox 1255 1648 1273 1701; x_wconf 78' lang='lat'>3</span> <span class='ocrx_word' id='word_1_85' title='bbox 1305 1640 1460 1714; x_wconf 88' lang='lat' dir='ltr'><strong>ergo</strong></span> <span class='ocrx_word' id='word_1_86' title='bbox 1486 1620 1678 1695; x_wconf 84' lang='lat' dir='ltr'><strong>etiam</strong></span> <span class='ocrx_word' id='word_1_87' title='bbox 1702 1617 1880 1690; x_wconf 89' lang='lat' dir='ltr'><strong>Deus</strong></span> <span class='ocrx_word' id='word_1_88' title='bbox 1899 1625 2043 1691; x_wconf 89' lang='lat' dir='ltr'><strong>tum</strong></span> <span class='ocrx_word' id='word_1_89' title='bbox 2063 1618 2278 1690; x_wconf 88' lang='lat' dir='ltr'><strong>solum</strong></span> 
     </span>
     <span class='ocr_line' id='line_1_12' title="bbox 253 1726 2277 1823; baseline 0.001 -25"><span class='ocrx_word' id='word_1_90' title='bbox 253 1751 408 1823; x_wconf 76' lang='lat' dir='ltr'><strong>vere</strong></span> <span class='ocrx_word' id='word_1_91' title='bbox 460 1727 673 1798; x_wconf 86' lang='lat' dir='ltr'><strong>bonus</strong></span> <span class='ocrx_word' id='word_1_92' title='bbox 717 1733 844 1808; x_wconf 90' lang='lat' dir='ltr'><strong>est,</strong></span> <span class='ocrx_word' id='word_1_93' title='bbox 890 1750 1042 1799; x_wconf 88' lang='lat' dir='ltr'><strong>cum</strong></span> <span class='ocrx_word' id='word_1_94' title='bbox 1073 1734 1408 1820; x_wconf 87' lang='lat' dir='ltr'><strong>peccatum</strong></span> <span class='ocrx_word' id='word_1_95' title='bbox 1447 1726 1592 1799; x_wconf 90' lang='lat' dir='ltr'><strong>odio</strong></span> <span class='ocrx_word' id='word_1_96' title='bbox 1634 1726 1862 1808; x_wconf 83' lang='lat' dir='ltr'><strong>habet,</strong></span> <span class='ocrx_word' id='word_1_97' title='bbox 1909 1733 1973 1797; x_wconf 88' lang='lat' dir='ltr'><strong>et</strong></span> <span class='ocrx_word' id='word_1_98' title='bbox 2013 1727 2277 1823; x_wconf 87' lang='lat' dir='ltr'><strong>quidem</strong></span> 
     </span>
     <span class='ocr_line' id='line_1_13' title="bbox 198 1834 2278 1930; baseline 0.004 -30"><span class='ocrx_word' id='word_1_99' title='bbox 198 1896 201 1899; x_wconf 77' lang='grc'>,</span> <span class='ocrx_word' id='word_1_100' title='bbox 253 1835 503 1905; x_wconf 89' lang='lat' dir='ltr'><strong>tamdiu</strong></span> <span class='ocrx_word' id='word_1_101' title='bbox 526 1888 545 1915; x_wconf 89' lang='lat'>,</span> <span class='ocrx_word' id='word_1_102' title='bbox 587 1834 892 1927; x_wconf 85' lang='lat' dir='ltr'><strong>quamdiu</strong></span> <span class='ocrx_word' id='word_1_103' title='bbox 933 1837 1250 1907; x_wconf 84' lang='lat' dir='ltr'><strong>subsistit:</strong></span> <span class='ocrx_word' id='word_1_104' title='bbox 1285 1834 1460 1928; x_wconf 83' lang='lat' dir='ltr'><strong>atqui</strong></span> <span class='ocrx_word' id='word_1_105' title='bbox 1503 1842 1843 1930; x_wconf 85' lang='lat' dir='ltr'><strong>peccatum</strong></span> <span class='ocrx_word' id='word_1_106' title='bbox 1874 1836 2147 1908; x_wconf 87' lang='lat' dir='ltr'><strong>subsistit</strong></span> <span class='ocrx_word' id='word_1_107' title='bbox 2201 1840 2278 1909; x_wconf 86' lang='lat' dir='ltr'><strong>in</strong></span> 
     </span>
     <span class='ocr_line' id='line_1_14' title="bbox 258 1944 2270 2037; baseline 0.001 -23"><span class='ocrx_word' id='word_1_108' title='bbox 258 1951 592 2036; x_wconf 84' lang='lat' dir='ltr'><strong>peccatore</strong></span> <span class='ocrx_word' id='word_1_109' title='bbox 619 1996 637 2024; x_wconf 94' lang='lat'>,</span> <span class='ocrx_word' id='word_1_110' title='bbox 697 1945 1003 2034; x_wconf 77' lang='lat' dir='ltr'><strong>quamdiu</strong></span> <span class='ocrx_word' id='word_1_111' title='bbox 1046 1967 1163 2037; x_wconf 90' lang='lat' dir='ltr'><strong>per</strong></span> <span class='ocrx_word' id='word_1_112' title='bbox 1206 1944 1645 2036; x_wconf 73' lang='lat' dir='ltr'><strong>poenitentiam</strong></span> <span class='ocrx_word' id='word_1_113' title='bbox 1690 1968 1826 2015; x_wconf 92' lang='lat' dir='ltr'><strong>non</strong></span> <span class='ocrx_word' id='word_1_114' title='bbox 1886 1952 2221 2016; x_wconf 83' lang='lat' dir='ltr'><strong>revocatur</strong></span> <span class='ocrx_word' id='word_1_115' title='bbox 2248 2000 2270 2026; x_wconf 83' lang='lat'>,</span> 
     </span>
     <span class='ocr_line' id='line_1_15' title="bbox 257 2052 2276 2149; baseline -0.001 -25"><span class='ocrx_word' id='word_1_116' title='bbox 257 2059 400 2149; x_wconf 84' lang='lat' dir='ltr'><strong>post</strong></span> <span class='ocrx_word' id='word_1_117' title='bbox 426 2058 705 2129; x_wconf 86' lang='lat' dir='ltr'><strong>mortem</strong></span> <span class='ocrx_word' id='word_1_118' title='bbox 743 2059 957 2124; x_wconf 88' lang='lat' dir='ltr'><strong>autem</strong></span> <span class='ocrx_word' id='word_1_119' title='bbox 991 2057 1195 2148; x_wconf 81' lang='lat' dir='ltr'><strong>potest</strong></span> <span class='ocrx_word' id='word_1_120' title='bbox 1225 2054 1395 2144; x_wconf 81' lang='lat' dir='ltr'><strong>juste</strong></span> <span class='ocrx_word' id='word_1_121' title='bbox 1428 2052 1820 2145; x_wconf 72' lang='lat' dir='ltr'><strong>poenitentiae</strong></span> <span class='ocrx_word' id='word_1_122' title='bbox 1848 2052 2027 2124; x_wconf 87' lang='lat' dir='ltr'><strong>locus</strong></span> <span class='ocrx_word' id='word_1_123' title='bbox 2055 2055 2276 2129; x_wconf 87' lang='lat' dir='ltr'><strong>nullus</strong></span> 
     </span>
     <span class='ocr_line' id='line_1_16' title="bbox 255 2154 2274 2257; baseline 0.001 -27"><span class='ocrx_word' id='word_1_124' title='bbox 255 2185 387 2233; x_wconf 88' lang='lat' dir='ltr'><strong>esse</strong></span> <span class='ocrx_word' id='word_1_125' title='bbox 409 2213 428 2241; x_wconf 85' lang='lat'>‚</span> <span class='ocrx_word' id='word_1_126' title='bbox 475 2160 585 2230; x_wconf 84' lang='lat' dir='ltr'><strong>sed</strong></span> <span class='ocrx_word' id='word_1_127' title='bbox 627 2159 1040 2232; x_wconf 85' lang='lat' dir='ltr'><strong>immutabilis</strong></span> <span class='ocrx_word' id='word_1_128' title='bbox 1083 2182 1344 2230; x_wconf 88' lang='lat' dir='ltr'><strong>manere</strong></span> <span class='ocrx_word' id='word_1_129' title='bbox 1389 2159 1695 2228; x_wconf 82' lang='lat' dir='ltr'><strong>voluntas</strong></span> <span class='ocrx_word' id='word_1_130' title='bbox 1739 2154 2069 2243; x_wconf 81' lang='lat' dir='ltr'><strong>hominis;</strong></span> <span class='ocrx_word' id='word_1_131' title='bbox 2117 2184 2274 2257; x_wconf 84' lang='lat' dir='ltr'><strong>ergo</strong></span> 
     </span>
     <span class='ocr_line' id='line_1_17' title="bbox 254 2269 2273 2362; baseline 0.001 -24"><span class='ocrx_word' id='word_1_132' title='bbox 254 2277 397 2362; x_wconf 90' lang='lat' dir='ltr'><strong>post</strong></span> <span class='ocrx_word' id='word_1_133' title='bbox 439 2275 713 2339; x_wconf 89' lang='lat' dir='ltr'><strong>mortem</strong></span> <span class='ocrx_word' id='word_1_134' title='bbox 751 2273 1046 2362; x_wconf 86' lang='lat' dir='ltr'><strong>peccator</strong></span> <span class='ocrx_word' id='word_1_135' title='bbox 1084 2289 1333 2359; x_wconf 85' lang='lat' dir='ltr'><strong>semper</strong></span> <span class='ocrx_word' id='word_1_136' title='bbox 1374 2270 1577 2358; x_wconf 88' lang='lat' dir='ltr'><strong>potest</strong></span> <span class='ocrx_word' id='word_1_137' title='bbox 1632 2288 1897 2337; x_wconf 89' lang='lat' dir='ltr'><strong>manere</strong></span> <span class='ocrx_word' id='word_1_138' title='bbox 1942 2269 2273 2362; x_wconf 80' lang='lat' dir='ltr'><strong>objectum</strong></span> 
     </span>
     <span class='ocr_line' id='line_1_18' title="bbox 257 2372 2275 2466; baseline 0.001 -20"><span class='ocrx_word' id='word_1_139' title='bbox 257 2377 592 2447; x_wconf 88' lang='lat' dir='ltr'><strong>necessarii</strong></span> <span class='ocrx_word' id='word_1_140' title='bbox 625 2375 752 2447; x_wconf 87' lang='lat' dir='ltr'><strong>odii</strong></span> <span class='ocrx_word' id='word_1_141' title='bbox 794 2374 1034 2445; x_wconf 85' lang='lat' dir='ltr'><strong>divini:</strong></span> <span class='ocrx_word' id='word_1_142' title='bbox 1068 2375 1243 2466; x_wconf 85' lang='lat' dir='ltr'><strong>atqui</strong></span> <span class='ocrx_word' id='word_1_143' title='bbox 1288 2372 1609 2465; x_wconf 82' lang='lat' dir='ltr'><strong>objectum</strong></span> <span class='ocrx_word' id='word_1_144' title='bbox 1643 2374 1773 2445; x_wconf 92' lang='lat' dir='ltr'><strong>odii</strong></span> <span class='ocrx_word' id='word_1_145' title='bbox 1806 2374 1904 2444; x_wconf 88' lang='lat' dir='ltr'><strong>sui</strong></span> <span class='ocrx_word' id='word_1_146' title='bbox 1931 2376 2275 2449; x_wconf 88' lang='lat' dir='ltr'><strong>necessarii</strong></span> 
     </span>
     <span class='ocr_line' id='line_1_19' title="bbox 256 2483 2273 2580; baseline 0.003 -26"><span class='ocrx_word' id='word_1_147' title='bbox 256 2484 429 2554; x_wconf 89' lang='lat' dir='ltr'><strong>Deus</strong></span> <span class='ocrx_word' id='word_1_148' title='bbox 448 2485 622 2554; x_wconf 72' lang='lat' dir='ltr'><strong>salva</strong></span> <span class='ocrx_word' id='word_1_149' title='bbox 649 2485 765 2554; x_wconf 75' lang='lat' dir='ltr'><strong>sua</strong></span> <span class='ocrx_word' id='word_1_150' title='bbox 779 2483 1057 2553; x_wconf 88' lang='lat' dir='ltr'><strong>bonitate</strong></span> <span class='ocrx_word' id='word_1_151' title='bbox 1078 2488 1279 2576; x_wconf 87' lang='lat' dir='ltr'><strong>potest</strong></span> <span class='ocrx_word' id='word_1_152' title='bbox 1303 2504 1557 2576; x_wconf 90' lang='lat' dir='ltr'><strong>semper</strong></span> <span class='ocrx_word' id='word_1_153' title='bbox 1577 2487 1806 2576; x_wconf 89' lang='lat' dir='ltr'><strong>punire</strong></span> <span class='ocrx_word' id='word_1_154' title='bbox 1836 2515 1856 2570; x_wconf 81' lang='lat'>3</span> <span class='ocrx_word' id='word_1_155' title='bbox 1894 2509 2050 2579; x_wconf 82' lang='lat' dir='ltr'><strong>ergo</strong></span> <span class='ocrx_word' id='word_1_156' title='bbox 2072 2509 2273 2580; x_wconf 75' lang='lat' dir='ltr'><strong>poena</strong></span> 
     </span>
     <span class='ocr_line' id='line_1_20' title="bbox 254 2591 1705 2686; baseline 0.001 -23"><span class='ocrx_word' id='word_1_157' title='bbox 254 2594 638 2686; x_wconf 84' lang='lat' dir='ltr'><strong>sempiterna</strong></span> <span class='ocrx_word' id='word_1_158' title='bbox 663 2615 797 2662; x_wconf 91' lang='lat' dir='ltr'><strong>non</strong></span> <span class='ocrx_word' id='word_1_159' title='bbox 817 2598 1137 2685; x_wconf 85' lang='lat' dir='ltr'><strong>repugnat</strong></span> <span class='ocrx_word' id='word_1_160' title='bbox 1156 2591 1423 2666; x_wconf 85' lang='lat' dir='ltr'><strong>bonitati</strong></span> <span class='ocrx_word' id='word_1_161' title='bbox 1450 2594 1705 2665; x_wconf 82' lang='lat' dir='ltr'><strong>divinae.</strong></span> 
     </span>
    </p>
   </div>
   <div class='ocr_carea' id='block_1_4' title="bbox 255 2762 2271 2953">
    <p class='ocr_par' dir='ltr' id='par_1_4' title="bbox 255 2762 2271 2953">
     <span class='ocr_line' id='line_1_21' title="bbox 339 2762 2271 2857; baseline 0.002 -23"><span class='ocrx_word' id='word_1_162' title='bbox 339 2767 502 2834; x_wconf 67' lang='lat' dir='ltr'><strong>Just.</strong></span> <span class='ocrx_word' id='word_1_163' title='bbox 548 2763 616 2834; x_wconf 83' lang='lat'><strong>3⁰</strong></span> <span class='ocrx_word' id='word_1_164' title='bbox 641 2762 883 2835; x_wconf 84' lang='lat' dir='ltr'><strong>Saltem</strong></span> <span class='ocrx_word' id='word_1_165' title='bbox 913 2771 1150 2832; x_wconf 75' lang='lat' dir='ltr'><strong>aeterna</strong></span> <span class='ocrx_word' id='word_1_166' title='bbox 1170 2785 1362 2854; x_wconf 85' lang='lat' dir='ltr'><strong>poena</strong></span> <span class='ocrx_word' id='word_1_167' title='bbox 1393 2785 1529 2836; x_wconf 90' lang='lat' dir='ltr'><strong>non</strong></span> <span class='ocrx_word' id='word_1_168' title='bbox 1549 2770 1754 2857; x_wconf 87' lang='lat' dir='ltr'><strong>potest</strong></span> <span class='ocrx_word' id='word_1_169' title='bbox 1784 2765 2090 2857; x_wconf 86' lang='lat' dir='ltr'><strong>componi</strong></span> <span class='ocrx_word' id='word_1_170' title='bbox 2118 2786 2271 2838; x_wconf 88' lang='lat' dir='ltr'><strong>cum</strong></span> 
     </span>
     <span class='ocr_line' id='line_1_22' title="bbox 255 2861 1423 2953; baseline -0.003 -15"><span class='ocrx_word' id='word_1_171' title='bbox 255 2861 376 2938; x_wconf 89' lang='lat' dir='ltr'><strong>Dei</strong></span> <span class='ocrx_word' id='word_1_172' title='bbox 417 2861 696 2932; x_wconf 87' lang='lat' dir='ltr'><strong>bonitate</strong></span> <span class='ocrx_word' id='word_1_173' title='bbox 727 2861 1119 2952; x_wconf 69' lang='lat' dir='ltr'><strong>respectiva;</strong></span> <span class='ocrx_word' id='word_1_174' title='bbox 1154 2884 1423 2953; x_wconf 57' lang='lat' dir='ltr'><strong>ergon..</strong></span> 
     </span>
    </p>
   </div>
   <div class='ocr_carea' id='block_1_5' title="bbox 246 3025 2294 3938">
    <p class='ocr_par' dir='ltr' id='par_1_5' title="bbox 246 3025 2294 3672">
     <span class='ocr_line' id='line_1_23' title="bbox 342 3025 2273 3123; baseline 0.002 -23"><span class='ocrx_word' id='word_1_175' title='bbox 342 3028 431 3102; x_wconf 85' lang='lat' dir='ltr'><strong>R.</strong></span> <span class='ocrx_word' id='word_1_176' title='bbox 475 3030 565 3101; x_wconf 83' lang='lat' dir='ltr'><strong>N.</strong></span> <span class='ocrx_word' id='word_1_177' title='bbox 602 3032 751 3099; x_wconf 79' lang='lat' dir='ltr'><strong>Ant.</strong></span> <span class='ocrx_word' id='word_1_178' title='bbox 784 3028 1042 3100; x_wconf 87' lang='lat' dir='ltr'><strong>Bonitas</strong></span> <span class='ocrx_word' id='word_1_179' title='bbox 1078 3029 1254 3099; x_wconf 89' lang='lat' dir='ltr'><strong>enim</strong></span> <span class='ocrx_word' id='word_1_180' title='bbox 1283 3029 1401 3101; x_wconf 93' lang='lat' dir='ltr'><strong>Dei</strong></span> <span class='ocrx_word' id='word_1_181' title='bbox 1426 3030 1778 3123; x_wconf 77' lang='lat' dir='ltr'><strong>respectiva</strong></span> <span class='ocrx_word' id='word_1_182' title='bbox 1798 3025 1848 3110; x_wconf 69' lang='grc' dir='ltr'><strong>’ἴ</strong></span> <span class='ocrx_word' id='word_1_183' title='bbox 1850 3038 1998 3101; x_wconf 91' lang='lat' dir='ltr'><strong>utut</strong></span> <span class='ocrx_word' id='word_1_184' title='bbox 2022 3032 2273 3104; x_wconf 84' lang='lat' dir='ltr'><strong>infinita</strong></span> 
     </span>
     <span class='ocr_line' id='line_1_24' title="bbox 253 3133 2274 3234; baseline 0 -25"><span class='ocrx_word' id='word_1_185' title='bbox 253 3142 321 3210; x_wconf 89' lang='lat' dir='ltr'><strong>in</strong></span> <span class='ocrx_word' id='word_1_186' title='bbox 353 3163 442 3220; x_wconf 89' lang='lat' dir='ltr'><strong>se,</strong></span> <span class='ocrx_word' id='word_1_187' title='bbox 475 3141 612 3209; x_wconf 84' lang='lat' dir='ltr'><strong>talis</strong></span> <span class='ocrx_word' id='word_1_188' title='bbox 638 3163 770 3210; x_wconf 83' lang='lat' dir='ltr'><strong>esse</strong></span> <span class='ocrx_word' id='word_1_189' title='bbox 811 3140 1033 3234; x_wconf 84' lang='lat' dir='ltr'><strong>nequit</strong></span> <span class='ocrx_word' id='word_1_190' title='bbox 1057 3140 1128 3207; x_wconf 90' lang='lat' dir='ltr'><strong>in</strong></span> <span class='ocrx_word' id='word_1_191' title='bbox 1158 3136 1446 3231; x_wconf 82' lang='lat' dir='ltr'><strong>subjecto</strong></span> <span class='ocrx_word' id='word_1_192' title='bbox 1481 3137 1875 3232; x_wconf 82' lang='lat' dir='ltr'><strong>recipiente:</strong></span> <span class='ocrx_word' id='word_1_193' title='bbox 1925 3133 2274 3209; x_wconf 76' lang='lat' dir='ltr'><strong>effunditur</strong></span> 
     </span>
     <span class='ocr_line' id='line_1_25' title="bbox 246 3244 2274 3340; baseline 0 -24"><span class='ocrx_word' id='word_1_194' title='bbox 246 3247 435 3316; x_wconf 78' lang='lat' dir='ltr'><strong>enim</strong></span> <span class='ocrx_word' id='word_1_195' title='bbox 480 3247 552 3317; x_wconf 87' lang='lat' dir='ltr'><strong>in</strong></span> <span class='ocrx_word' id='word_1_196' title='bbox 603 3248 963 3340; x_wconf 79' lang='lat' dir='ltr'><strong>subjectum</strong></span> <span class='ocrx_word' id='word_1_197' title='bbox 992 3244 1367 3335; x_wconf 63' lang='lat' dir='ltr'><strong>saecundum</strong></span> <span class='ocrx_word' id='word_1_198' title='bbox 1420 3245 1828 3339; x_wconf 87' lang='lat' dir='ltr'><strong>capacitatem</strong></span> <span class='ocrx_word' id='word_1_199' title='bbox 1864 3248 2000 3337; x_wconf 84' lang='lat' dir='ltr'><strong>ejus</strong></span> <span class='ocrx_word' id='word_1_200' title='bbox 2027 3267 2051 3315; x_wconf 88' lang='lat'><strong>.·</strong></span> <span class='ocrx_word' id='word_1_201' title='bbox 2094 3247 2274 3337; x_wconf 85' lang='lat' dir='ltr'><strong>atqui</strong></span> 
     </span>
     <span class='ocr_line' id='line_1_26' title="bbox 253 3348 2270 3451; baseline -0.002 -25"><span class='ocrx_word' id='word_1_202' title='bbox 253 3362 547 3451; x_wconf 86' lang='lat' dir='ltr'><strong>peccator</strong></span> <span class='ocrx_word' id='word_1_203' title='bbox 575 3356 646 3425; x_wconf 87' lang='lat' dir='ltr'><strong>in</strong></span> <span class='ocrx_word' id='word_1_204' title='bbox 674 3357 855 3448; x_wconf 72' lang='lat' dir='ltr'><strong>gravi</strong></span> <span class='ocrx_word' id='word_1_205' title='bbox 886 3361 1144 3448; x_wconf 87' lang='lat' dir='ltr'><strong>peccato</strong></span> <span class='ocrx_word' id='word_1_206' title='bbox 1173 3361 1462 3427; x_wconf 87' lang='lat' dir='ltr'><strong>mortuus</strong></span> <span class='ocrx_word' id='word_1_207' title='bbox 1490 3375 1686 3448; x_wconf 89' lang='lat' dir='ltr'><strong>capax</strong></span> <span class='ocrx_word' id='word_1_208' title='bbox 1713 3374 1849 3424; x_wconf 89' lang='lat' dir='ltr'><strong>non</strong></span> <span class='ocrx_word' id='word_1_209' title='bbox 1888 3358 1981 3423; x_wconf 87' lang='lat' dir='ltr'><strong>est</strong></span> <span class='ocrx_word' id='word_1_210' title='bbox 2009 3348 2270 3423; x_wconf 80' lang='lat' dir='ltr'><strong>bonita-</strong></span> 
     </span>
     <span class='ocr_line' id='line_1_27' title="bbox 255 3462 2268 3557; baseline 0.001 -26"><span class='ocrx_word' id='word_1_211' title='bbox 255 3464 337 3531; x_wconf 86' lang='lat' dir='ltr'><strong>tis</strong></span> <span class='ocrx_word' id='word_1_212' title='bbox 387 3466 785 3555; x_wconf 77' lang='lat' dir='ltr'><strong>respectivae,</strong></span> <span class='ocrx_word' id='word_1_213' title='bbox 824 3462 936 3534; x_wconf 80' lang='lat' dir='ltr'><strong>sed</strong></span> <span class='ocrx_word' id='word_1_214' title='bbox 982 3486 1235 3557; x_wconf 83' lang='lat' dir='ltr'><strong>semper</strong></span> <span class='ocrx_word' id='word_1_215' title='bbox 1279 3468 1499 3535; x_wconf 76' lang='lat' dir='ltr'><strong>manet</strong></span> <span class='ocrx_word' id='word_1_216' title='bbox 1555 3462 1878 3556; x_wconf 79' lang='lat' dir='ltr'><strong>objectum</strong></span> <span class='ocrx_word' id='word_1_217' title='bbox 1930 3462 2268 3534; x_wconf 80' lang='lat' dir='ltr'><strong>necessarii</strong></span> 
     </span>
     <span class='ocr_line' id='line_1_28' title="bbox 255 3562 2294 3672; baseline 0.003 -31"><span class='ocrx_word' id='word_1_218' title='bbox 255 3570 382 3642; x_wconf 86' lang='lat' dir='ltr'><strong>odii</strong></span> <span class='ocrx_word' id='word_1_219' title='bbox 413 3570 657 3655; x_wconf 68' lang='lat' dir='ltr'><strong>divinig</strong></span> <span class='ocrx_word' id='word_1_220' title='bbox 702 3594 1003 3672; x_wconf 75' lang='lat' dir='ltr'><strong>erge....·⁴</strong></span> <span class='ocrx_word' id='word_1_221' title='bbox 1262 3562 1265 3565; x_wconf 37' lang='lat'><em>⁷</em></span> <span class='ocrx_word' id='word_1_222' title='bbox 2289 3603 2294 3606; x_wconf 93' lang='lat'>·</span> 
     </span>
    </p>

    <p class='ocr_par' dir='ltr' id='par_1_6' title="bbox 257 3723 2267 3938">
     <span class='ocr_line' id='line_1_29' title="bbox 340 3723 2267 3802; baseline -0.001 -6"><span class='ocrx_word' id='word_1_223' title='bbox 340 3727 505 3797; x_wconf 73' lang='lat' dir='ltr'><strong>Just.</strong></span> <span class='ocrx_word' id='word_1_224' title='bbox 550 3728 619 3796; x_wconf 76' lang='lat'><strong>4⁴²</strong></span> <span class='ocrx_word' id='word_1_225' title='bbox 660 3724 899 3799; x_wconf 80' lang='lat' dir='ltr'><strong>Saltem</strong></span> <span class='ocrx_word' id='word_1_226' title='bbox 929 3727 995 3798; x_wconf 78' lang='lat' dir='ltr'><strong>vi</strong></span> <span class='ocrx_word' id='word_1_227' title='bbox 1028 3729 1471 3802; x_wconf 60' lang='lat' dir='ltr'><strong>misericordiae</strong></span> <span class='ocrx_word' id='word_1_228' title='bbox 1499 3734 1751 3800; x_wconf 87' lang='lat' dir='ltr'><strong>tenetur</strong></span> <span class='ocrx_word' id='word_1_229' title='bbox 1783 3724 1955 3796; x_wconf 91' lang='lat' dir='ltr'><strong>Deus</strong></span> <span class='ocrx_word' id='word_1_230' title='bbox 1990 3723 2140 3796; x_wconf 85' lang='lat' dir='ltr'><strong>dare</strong></span> <span class='ocrx_word' id='word_1_231' title='bbox 2177 3725 2267 3795; x_wconf 77' lang='lat' dir='ltr'><strong>fi-</strong></span> 
     </span>
     <span class='ocr_line' id='line_1_30' title="bbox 257 3835 2266 3938; baseline -0.004 -22"><span class='ocrx_word' id='word_1_232' title='bbox 257 3856 411 3916; x_wconf 78' lang='lat' dir='ltr'><strong>nem</strong></span> <span class='ocrx_word' id='word_1_233' title='bbox 433 3835 748 3934; x_wconf 74' lang='lat' dir='ltr'><strong>suppliciis</strong></span> <span class='ocrx_word' id='word_1_234' title='bbox 766 3890 784 3919; x_wconf 86' lang='lat'><strong>.</strong></span> <span class='ocrx_word' id='word_1_235' title='bbox 817 3837 922 3918; x_wconf 76' lang='lat' dir='ltr'><strong>vel</strong></span> <span class='ocrx_word' id='word_1_236' title='bbox 950 3837 1269 3938; x_wconf 77' lang='lat' dir='ltr'><strong>parcendo</strong></span> <span class='ocrx_word' id='word_1_237' title='bbox 1286 3893 1303 3928; x_wconf 85' lang='lat'><strong>‚</strong></span> <span class='ocrx_word' id='word_1_238' title='bbox 1331 3840 1435 3910; x_wconf 66' lang='lat' dir='ltr'><strong>vol</strong></span> <span class='ocrx_word' id='word_1_239' title='bbox 1463 3835 1880 3913; x_wconf 82' lang='lat' dir='ltr'><strong>annihilando</strong></span> <span class='ocrx_word' id='word_1_240' title='bbox 1902 3864 1920 3922; x_wconf 72' lang='grc' dir='ltr'>ς</span> <span class='ocrx_word' id='word_1_241' title='bbox 1954 3858 2266 3932; x_wconf 52' lang='lat' dir='ltr'><strong>ergom„</strong></span> 
     </span>
    </p>
   </div>
  </div>
 </body>
</html>
