2988 4832
638 558 720 649 go
751 548 899 631 ante
929 542 1286 622 mundum,
1325 528 1841 632 quandocunque
1874 516 2206 617 creatum,
2239 525 2367 599 tota
2393 520 2653 616 semper

635 660 950 733 aeternitas
977 652 1315 752 praecessit.

723 788 883 857 Inst.
924 784 993 855 2⁰
1026 782 1199 853 Deus
1229 777 1356 870 qua
1398 792 1588 846 causa
1634 768 1841 842 libera
1866 783 2004 836 non
2048 758 2236 833 debet
2268 776 2402 829 esse
2436 754 2654 827 minus

637 887 882 987 potens,
909 911 1109 983 quam
1129 887 1183 957 si
1200 889 1361 954 esset
1376 902 1568 951 causa
1586 873 1937 949 necessaria
1963 898 1981 942 ε
2010 868 2185 961 atqui
2207 867 2260 936 si
2282 868 2443 945 esset
2466 884 2656 933 causa

640 998 991 1072 necessaria
1016 1047 1036 1077 ‚
1060 991 1380 1087 ,quidquid
1410 991 1682 1059 creasset
1705 1039 1722 1066 ‚
1759 984 1843 1056 ab
1882 986 2119 1052 aeterno
2153 979 2466 1058 creasset;
2500 994 2658 1066 ergo

638 1114 705 1180 et
727 1128 906 1178 nunc
929 1103 1114 1176 debet
1141 1122 1321 1194 posse
1355 1098 1437 1168 ab
1476 1101 1717 1171 oeterno
1761 1112 2008 1163 creare.
2159 1108 2161 1110 ’

727 1275 808 1346 R.
832 1266 923 1344 C.
957 1275 1123 1361 Μαί.
1157 1272 1246 1340 Ν.
1271 1268 1438 1340 Min.
1465 1264 1636 1359 Nam
1657 1260 1889 1332 creatio
1917 1252 2188 1328 involvit
2213 1249 2477 1321 initium
2499 1245 2662 1317 exis-
2721 1254 2739 1279 ·

640 1384 816 1454 tendi
845 1407 884 1452 a
912 1386 1090 1476 parte
1136 1383 1479 1457 creaturae3
1514 1373 1625 1443 sed
1674 1369 1935 1441 initium
1961 1371 2026 1437 et
2058 1370 2376 1436 aeternum
2422 1357 2663 1428 intrin-

643 1516 779 1561 sece
805 1485 1156 1583 repugnat3
1197 1507 1354 1576 ergo
1386 1482 1725 1552 intrinsece
1757 1479 2076 1570 repugnat
2127 1470 2359 1542 creatio
2392 1472 2657 1537 aeterna.

642 1601 785 1670 Jam
810 1620 964 1668 vero
986 1647 1006 1677 ‚
1040 1595 1216 1686 quod
1243 1591 1930 1680 intrinsece-repugnat
1946 1606 2059 1654 seu
2076 1576 2659 1651 contradictionem

643 1703 951 1783 involvit,
975 1707 1070 1772 est
1104 1700 1307 1779 nihil;
1342 1721 1496 1789 ergo
1535 1695 1814 1789 potentia
1843 1688 2105 1761 creandi
2132 1683 2457 1756 mundum
2480 1686 2663 1750 aeter-

647 1835 810 1884 num
835 1864 855 1894 ,
893 1817 989 1882 est
1013 1810 1293 1904 potentia
1337 1803 1611 1875 faciendi
1638 1801 1827 1872 nihil.
1860 1798 2079 1888 ltaque
2126 1794 2411 1886 legitime
2440 1786 2666 1880 negari

647 1924 868 2012 potest,
906 1916 1142 1995 Deum,
1175 1914 1291 1984 etsi
1316 1918 1475 1983 esset
1506 1909 1715 1981 causa*
1736 1905 2108 1984 necessaria,
2142 1903 2418 1995 potuisse
2448 1920 2665 1969 creare

646 2029 968 2096 mundum
991 2030 1325 2095 aeternum.
1379 2019 1454 2089 Id
1477 2025 1698 2087 tamen
1724 2037 1861 2086 non
1890 2013 2126 2083 minuit
2152 2009 2504 2103 potentiam
2547 2005 2671 2079 Dei

655 2137 790 2206 sive
820 2132 1094 2204 liberam
1111 2132 1242 2200 sive
1272 2113 1721 2200 necessariam}
1744 2121 1932 2207 Quod
1958 2120 2138 2194 enim
2162 2117 2327 2187 nihil
2350 2121 2668 2187 aeternum
2793 2134 2796 2135 ⁷

650 2264 863 2312 creare
875 2239 1067 2333 possit
1081 2292 1098 2318 ‚
1127 2259 1261 2307 non
1289 2236 1465 2305 venit
1487 2256 1566 2302 ex
1586 2229 1922 2313 finitudine
1943 2226 2239 2322 potentiae
2261 2224 2517 2304 divinae,
2558 2220 2673 2294 sed

651 2372 729 2442 ex
754 2346 1182 2443 repugnantia
1211 2342 1507 2416 termini.

736 2511 911 2583 OBJ.
957 2512 1028 2580 2⁰
1063 2508 1267 2579 Causa
1291 2506 1575 2577 efficiens
1605 2524 1745 2576 non
1771 2510 2057 2596 tempore
2079 2516 2101 2581 ,’
2134 2500 2245 2571 sed
2273 2500 2502 2571 natura
2547 2522 2660 2570 so-

650 2620 793 2692 lum
834 2617 1131 2711 praecedit
1161 2617 1458 2685 effectum
1477 2634 1716 2694 suum;
1749 2633 1904 2703 ergo
1935 2612 1991 2681 si
2021 2632 2216 2679 >causa
2265 2599 2547 2678 efficiens
2575 2612 2670 2677 est

654 2733 893 2798 aeterna
909 2777 927 2804 ,
962 2725 1155 2794 etiam
1182 2722 1440 2792 effectus
1485 2726 1761 2791 aeternus
1805 2740 1940 2789 esse
1991 2716 2180 2787 debet
2207 2740 2230 2785 .-
2259 2716 2436 2805 atqui
2493 2714 2670 2785 Deus

652 2840 748 2903 est
783 2855 972 2903 causa
991 2833 1271 2902 efficiens
1311 2832 1508 2925 hujus
1543 2827 1776 2901 mundi
1804 2830 2080 2907 aeterna3
2106 2845 2260 2917 ergo
2290 2827 2354 2892 et
2374 2823 2669 2896 mundus

654 2941 842 3013 debet
885 2963 1018 3012 esse
1044 2945 1346 3011 aeternuS.

713 3082 824 3165 Ἡ.
870 3094 959 3164 Ν.
990 3094 1147 3164 Ant.
1193 3090 1434 3163 Saltem
1472 3087 1670 3160 relate
1720 3107 1803 3157 au
1831 3086 2244 3156 creationem.
2285 3084 2455 3156 Cum
2496 3088 2677 3158 enim
2735 3099 2742 3102 “

654 3201 887 3271 creatio
915 3202 993 3269 sit
1021 3201 1289 3270 actuatio
1312 3200 1408 3268 rei
1429 3220 1507 3269 ex
1532 3198 1734 3267 nihilo
1762 3197 1861 3264 sui
1885 3199 1948 3263 et
1983 3192 2248 3286 sthecti
2269 3247 2286 3274 ‚
2318 3195 2681 3264 necessario

657 3330 847 3381 causa
868 3313 1132 3376 aetuans
1157 3308 1410 3376 initium
1441 3306 1785 3375 existentiae
1826 3305 2133 3373 creaturae
2160 3300 2443 3392 adeoque
2479 3301 2683 3371 effec-

658 3421 801 3508 tum
841 3436 1034 3483 suum
1062 3414 1253 3485 etiam
1280 3419 1569 3505 tempore
1617 3411 1805 3481 debet
1844 3408 2225 3502 praecedere.
2273 3407 2463 3478 Unde
2497 3411 2669 3481 Min.

661 3522 1008 3610 Subsumpt.
1038 3522 1125 3591 D.
1153 3520 1326 3590 Deus
1366 3526 1460 3590 est
1491 3541 1681 3591 causa
1711 3517 1908 3609 hujus
1956 3515 2187 3587 mundi
2233 3521 2469 3588 aeterna
2491 3569 2507 3597 ‚
2567 3514 2681 3586 sed

661 3626 940 3694 efficiens
983 3648 1094 3694 seu
1129 3626 1468 3695 intendens
1519 3626 1817 3695 effectum
1862 3646 1979 3718 pro
2016 3628 2301 3716 tempore
2321 3672 2342 3703 ‚
2381 3624 2456 3693 G.
2503 3626 2676 3693 Min.

661 3733 961 3803 Efficiens
991 3757 1102 3804 scu
1123 3732 1461 3803 intendens
1486 3733 1789 3803 effectum
1816 3740 2164 3812 aeternum,
2193 3732 2283 3803 N.
2313 3734 2481 3802 Min.
2508 3728 2679 3800 Deua
2738 3791 2775 3808 ,,,

665 3842 921 3933 quidem
945 3842 1028 3916 ab
1060 3848 1505 3929 aeternocreat,
1534 3862 1697 3918 cum
1736 3840 2043 3935 quidquid
2068 3841 2140 3915 in
2167 3836 2304 3915 Deo
2325 3845 2447 3920 est,
2474 3859 2677 3931 prop-
