2988 4832
1470 416 1500 451 0

1124 531 1257 601 ‘351

181 630 429 750 jectffm
452 652 572 742 {et
594 648 941 751 negativam
963 710 979 739 ,
1014 678 1157 752 quoe
1182 631 1246 728 et
1255 660 1619 751 permiss-tva
1650 656 1775 727 dici
1795 645 1996 750 potest
2017 654 2037 738 ',
2062 657 2110 729 i.
2136 668 2198 731 e.

186 772 316 861 qua
352 769 531 840 Deus
574 770 836 861 quidem
864 768 1125 860 positive
1153 788 1288 837 non
1327 768 1467 836 vult
1505 767 1733 858 objecti
1759 767 2152 837 existentiam
2177 819 2194 847 ,

185 878 295 947 sed
329 883 548 947 tamen
596 896 807 968 neque
849 874 990 944 vult
1032 896 1177 944 eam
1207 875 1514 968 impedire
1537 927 1554 954 ‚
1601 876 1892 973 quamvis
1938 875 2204 945 eveniat

194 991 424 1056 contra
483 987 622 1077 ejus
648 982 1085 1069 voluntatem
1125 983 1602 1055 antecedentem
1624 1034 1641 1064 ,
1697 985 1794 1052 uti
1822 1005 1889 1054 v.
1930 1002 1999 1077 g.
2042 1003 2203 1075 pec-

185 1100 431 1166 catum.
1374 1188 1377 1191 ¹

194 1306 197 1311 ι
270 1221 342 1291 4·
384 1221 792 1300 Absolucamt
825 1221 955 1312 qua
989 1218 1229 1312 aliquid
1255 1218 1391 1289 sine
1417 1219 1779 1295 conditIone
1806 1270 1824 1299 ‚
1866 1225 1931 1287 et
1976 1204 2205 1288 condi-

183 1330 528 1411 tionacam,
550 1350 561 1414 ·,
583 1331 712 1421 qua
754 1329 963 1401 solum
1008 1331 1115 1397 sub
1148 1330 1489 1395 conditione
1526 1325 1766 1421 aliquid
1820 1326 1955 1396 vult
1966 1352 1993 1408 ,·
2017 1350 2084 1398 v.
2129 1352 2197 1422 g.

186 1432 599 1507 cessationem
618 1435 862 1516 morbi,
892 1445 1077 1507 terrae
1106 1439 1323 1506 motus
1347 1442 1516 1517 etc.;
1552 1433 1673 1503 sub
1700 1430 2097 1526 conditione),
2151 1436 2204 1504 si

188 1544 574 1639 imploretur
592 1545 675 1619 ab
701 1546 1097 1619 hominibus.

276 1675 344 1749 5⁰
387 1677 720 1766 Effioacem
740 1728 756 1757 ,
792 1677 840 1745 i.
867 1694 929 1746 e.
959 1698 1103 1768 quae
1124 1676 1318 1747 habet
1345 1677 1645 1746 effectum
1682 1694 1878 1745 suum
1898 1727 1914 1754 ,
1948 1690 2061 1743 seu
2095 1673 2203 1742 cui

181 1783 519 1875 respondet
548 1784 735 1853 realis
786 1785 1117 1854 existentia
1161 1784 1392 1876 objecti
1427 1783 1648 1866 voliti3
1682 1789 1746 1852 et
1774 1783 2146 1873 inefficacem
2176 1793 2204 1861 ,“

182 1890 229 1959 i.
271 1913 331 1961 e.
383 1892 488 1960 cui
511 1914 648 1963 non
684 1893 1022 1986 respondet
1048 1894 1377 1963 existentia
1400 1893 1631 1985 objecti
1657 1892 1836 1963 voliti
1873 1891 2202 1961 voluntate

184 1988 579 2070 antecedenti
601 2010 635 2081 ,“’
670 2022 783 2070 seu
829 2023 973 2093 quae
1018 2023 1154 2071 non
1198 2001 1392 2071 habet
1433 2001 1731 2083 effectum
1781 2022 1973 2070 suum
2000 2051 2017 2079 ‚
2056 2019 2193 2073 non

183 2106 443 2195 quidem
472 2130 549 2175 ex
579 2107 825 2177 defectu
854 2108 1147 2200 potentiae
1174 2107 1405 2177 divinoe
1424 2159 1443 2186 ,
1471 2107 1582 2176 sed
1608 2108 1757 2197 quia
1785 2105 1959 2175 Deus
1989 2105 2073 2174 oh
2099 2126 2201 2174 ra-

184 2215 385 2289 tiones
408 2237 474 2284 se
504 2215 726 2302 dignas
747 2239 880 2285 non
900 2222 1186 2287 removet
1230 2216 1461 2295 obiceS,
1487 2236 1648 2301 quos
1689 2219 1896 2306 posset
1942 2213 2194 2289 tollere,

275 2337 389 2408 His
413 2341 785 2431 praenotatis,
802 2343 866 2413 1⁰
896 2341 975 2410 de
995 2341 1282 2422 libertate
1311 2342 1655 2411 voluntatis
1680 2340 1932 2421 divinae,
1968 2344 2032 2407 et
2051 2338 2200 2410 dein

186 2447 264 2514 de
298 2448 536 2515 caeteris
559 2449 869 2519 attributis
898 2473 1050 2519 cum
1083 2451 1404 2518 voluntate
1450 2451 1752 2518 connexis
1774 2502 1790 2527 ‚
1827 2454 1891 2518 et
1937 2449 2201 2539 quidem

189 2556 258 2622 2⁰
287 2554 364 2622 de
392 2553 708 2636 bonitate3
744 2555 812 2625 3⁰
842 2557 918 2626 de
939 2559 1183 2649 justitia
1223 2564 1286 2625 et
1315 2558 1784 2638 misericordia;
1823 2559 1893 2625 4⁰
1924 2557 2001 2626 de
2062 2581 2200 2627 om-
2267 2611 2270 2614 ¹

191 2663 540 2753 nipotentia
563 2714 578 2740 ‚
613 2668 676 2730 et
701 2663 966 2734 demum
998 2666 1066 2736 5θ
1093 2666 1173 2735 de
1197 2667 1597 2757 providentia
1624 2664 1888 2739 totidem
1934 2665 2197 2737 distinc-

186 2769 265 2861 tis
295 2769 575 2839 articulis
603 2792 893 2862 agemus,

843 2950 1230 3010 ARTICULUS
1264 2951 1542 3009 PRIMUS.

594 3185 607 3194 .
676 3097 768 3165 De
799 3075 1074 3164 libertate
1095 3093 1428 3204 voluntatis
1450 3092 1709 3163 divinoe«
1839 3154 1844 3159 .

278 3286 431 3357 153.
474 3285 786 3354 Lmnnus
829 3283 1161 3371 generatim
1190 3282 1461 3374 'sumpta
1499 3287 1592 3350 est
1637 3283 1915 3376 potentia
1932 3272 2198 3376 ζ’ζ’ὶζὸξθιιεὶἰ

179 3393 292 3463 vel
336 3416 472 3462 non
509 3392 784 3484 agendi3
828 3392 1075 3457 libertas
1115 3414 1158 3457 a
1189 3393 1488 3460 coactione
1521 3396 1614 3459 est
1651 3393 1929 3483 potentia
1966 3391 2200 3483 agendi

177 3502 294 3571 vel
330 3524 467 3571 non
503 3501 735 3594 agendi
762 3499 1070 3569 immunis
1094 3520 1134 3565 a
1151 3499 1219 3567 vi
1248 3500 1633 3581 extrinse053
1669 3502 1915 3567 libertas
1937 3525 1978 3567 a
2000 3524 2196 3567 neces-

177 3613 371 3679 sitate
393 3615 486 3680 est
512 3609 791 3703 potentia
817 3604 1052 3698 agendi
1075 3605 1180 3678 vel
1205 3629 1342 3676 non
1368 3607 1603 3697 agendi
1625 3609 1934 3677 immunis
1968 3629 2010 3676 a
2032 3608 2197 3699 qua-

179 3741 445 3811 cunque
466 3717 820 3787 invincibili
839 3714 1364 3785 determinatione
1385 3714 1467 3783 ad
1499 3738 1733 3789 unum.
1771 3715 2020 3787 Verum
2044 3740 2196 3787 cum

178 3827 364 3897 Deus
385 3878 403 3907 ,
440 3830 652 3917 utpote
696 3823 1070 3914 purissimus
1118 3828 1295 3891 actus
1316 3873 1335 3902 ,
1371 3845 1508 3891 non
1541 3825 1732 3916 possit
1766 3847 1900 3893 non
1948 3847 2187 3917 agere,

176 3936 445 4010 libertas
481 3937 616 4028 ejus
651 3952 787 4006 non
810 3952 989 4025 aeque
1020 3952 1097 4007 ac
1118 3930 1405 4021 humana
1440 3931 1512 4002 in
1535 3936 1815 4025 potentia
1845 3930 2075 4026 agendi
2090 3933 2197 4005 vel
