2988 4832
748 504 751 505 ’
851 511 857 519 ·
1602 483 1757 572 424
1842 519 1850 528 ·

681 600 1019 693 paena'runt
1043 597 1377 703 deducitur
1397 619 1475 669 ex
1493 598 1632 691 ipsa
1656 599 1924 671 essentia
1944 596 2269 674 hominis.
2299 600 2515 688 utpote
2544 616 2693 690 quas

681 706 1153 784 essentialiter
1133 729 1205 777 ιιι
1229 729 1297 776 se
1326 710 1389 775 et
1421 707 1828 798 capacitatem
1857 726 2065 799 poenae
2096 709 2349 774 aeternae
2375 709 2438 771 et
2479 704 2689 777 notio·

680 833 836 887 nem
876 813 1213 901 sanctionis
1239 813 1397 904 legis
1426 814 1545 882 sibi
1575 813 1952 906 praescriptoe
1976 809 2265 880 involvit.
2301 898 2306 901 Ἦ

686 978 693 989 -
769 940 939 1007 Idem
966 940 1210 1005 eruitur
1234 961 1315 1006 ex
1338 939 1478 1008 idea
1498 939 1847 1007 creationis.
1895 935 2065 1006 Nam
2086 957 2165 1009 ex
2187 931 2329 1005 idea
2358 928 2698 1003 creationis

679 1046 826 1117 finis
850 1044 1132 1115 absolute
1170 1044 1434 1115 ultimus
1463 1046 1670 1137 operis
1699 1043 1985 1134 adeoque
2016 1043 2207 1112 etiam
2243 1039 2527 1110 hominis
2553 1043 2685 1116 est.

679 1154 925 1225 divinas
966 1152 1377 1243 perfectiones
1392 1232 1401 1240 ‚
1416 1151 1489 1221 in
1542 1148 1963 1221 determinato
2009 1146 2218 1239 gradu
2260 1146 2690 1217 manifestare.

679 1261 849 1354 Ergo
871 1258 1071 1329 homo
1099 1279 1207 1327 eas
1229 1258 1579 1343 necessario
1616 1257 1690 1326 in
1730 1255 1956 1326 eodem
1984 1254 2190 1346 gradu
2220 1252 2688 1330 manifestabit,

677 1364 1253 1459 quomodocunque
1287 1362 1583 1433 libertate
1619 1383 1771 1432 usus
1791 1361 2004 1432 fuerit.
2064 1360 2182 1430 Ast
2223 1359 2278 1430 si
2305 1380 2513 1453 poenoe
2553 1380 2700 1428 non

678 1477 885 1544 essent
915 1477 1212 1551 aeternze,
1239 1471 1480 1561 justitia
1512 1468 1634 1539 Dei
1668 1469 1814 1560 plus
1858 1466 2251 1537 manifestata
2308 1466 2525 1537 fuisset
2568 1487 2696 1556 per

680 1578 983 1670 praemia,
1028 1578 1082 1645 si
1108 1577 1305 1646 homo
1345 1577 1512 1645 bene
1549 1598 1702 1646 usus
1727 1573 1939 1645 fuisset
1968 1575 2293 1656 libertate,
2336 1597 2580 1667 quam,
2637 1576 2695 1644 si

677 1686 845 1756 male
878 1690 1112 1774 ὁιιιιιὶιιι·
1159 1672 1499 1764 libertaie,·
1493 1699 1645 1773 ‘per
1695 1702 1943 1773 poeuas,
1991 1678 2208 1771 Itaque
2251 1703 2458 1773 poenae
2506 1702 2691 1774 aeque

679 1798 937 1881 aeternae
961 1793 1089 1860 sint
1109 1794 1353 1882 oportet
1377 1811 1453 1858 ac
1478 1765 1824 1858 beatitudo.

767 1935 877 2005 32.
913 1935 1125 2026 Atque
1160 1935 1300 2004 haec
1320 1935 1402 2003 de
1428 1934 1690 2002 homine
1707 1934 1838 2002 sive
1863 1933 1932 2001 in
1952 1954 2041 2012 se,
2065 1933 2194 2002 sive
2222 1932 2484 2002 relative
2509 1955 2696 2025 spec-

677 2046 804 2110 tato
844 2042 1180 2112 sufficiant.
1220 2040 1378 2122 Quae
1399 2041 1573 2111 enim
1593 2061 1709 2132 per
1728 2040 2181 2108 revelationem
2205 2039 2409 2108 solam
2453 2038 2537 2110 de
2563 2039 2704 2109 ho·

679 2150 856 2218 mine
877 2149 1139 2239 ejusque
1174 2167 1324 2217 cum
1353 2143 1489 2216 Deo
1533 2145 1995 2239 supernaturali
2015 2144 2317 2216 relatione
2346 2143 2530 2215 nobis
2570 2146 2692 2214 in-

679 2262 1030 2333 notescunt,
1054 2256 1184 2323 huc
1214 2275 1348 2324 non
1371 2258 1658 2344 spectant
1688 2282 1705 2334 ς
1733 2251 2022 2344 quamvis
2037 2260 2221 2337 ‚certe
2247 2251 2525 2322 verbum
2564 2251 2688 2323 Dei

679 2362 1241 2452 supernaturaliter
1276 2360 1627 2431 revelatum
1651 2409 1672 2441 ,
1714 2379 1979 2429 concors
2009 2379 2161 2428 cum
2189 2357 2389 2429 verbo
2415 2356 2536 2428 Dei
2576 2380 2687 2429 re·-

679 2469 888 2538 velato
937 2489 1052 2561 per
1111 2473 1408 2537 naturam
1437 2519 1457 2546 ,
1524 2466 1968 2558 philosophicis
2023 2465 2470 2556 quaestionibus
2541 2490 2684 2537 eam

588 2667 593 2674 f
681 2576 815 2644 vim
845 2580 1034 2664 atque
1059 2575 1353 2642 intimam
1381 2572 1705 2664 quandam
1736 2575 2208 2663 persuasionem
2239 2574 2448 2655 addit,
2485 2598 2684 2669 quam

678 2679 1154 2775 probationibus
1200 2699 1359 2770 pure
1410 2675 1763 2772 scientificis
1791 2701 2043 2771 semper
2084 2680 2294 2751 deesse
2323 2702 2518 2751 nemo
2545 2706 2682 2753 non

681 2788 877 2860 dolet.
920 2786 1037 2856 Ast
1078 2784 1219 2855 hoec
1245 2785 1380 2879 ipsa
1408 2785 1644 2860 animae
1674 2785 1978 2858 humanae
2016 2787 2328 2881 dispositio
2356 2838 2375 2867 ,
2406 2788 2582 2868 fidei,
2614 2796 2682 2859 ut

680 2917 899 2966 secure
923 2894 1245 2986 quiescat,
1283 2912 1416 2961 non
1446 2892 1663 2960 minus
1688 2892 1921 2984 indigae
1939 2945 1956 2970 ‚
2011 2915 2209 2985 quam
2258 2895 2534 2966 scientiae
2566 2918 2683 2965 cu·-

681 3004 842 3098 pidae
869 3053 887 3083 ,
921 3000 1190 3095 probat,
1236 2999 1571 3070 hominem
1593 2999 1676 3069 ad
1691 3073 1692 3076 ,
1705 3000 2095 3070 credendum
2121 3020 2300 3092 aeque
2318 3051 2337 3085 ,
2378 3001 2514 3076 imo
2538 3021 2688 3075 ma·

598 3113 609 3121 ’
677 3115 776 3205 gis
816 3108 1012 3180 etiam
1057 3111 1288 3179 natum
1322 3127 1458 3176 esse
1506 3128 1704 3198 quam
1748 3107 1832 3176 ad
1860 3107 2222 3181 sciendum.

768 3305 880 3379 33.
916 3301 1122 3388 QUID
1160 3299 1319 3371 EST
1348 3297 1573 3370 DEUS
1593 3303 1631 3370 9

767 3453 1323 3538 Quemadmodum
1387 3460 1710 3530 existentia
1757 3467 1821 3531 et
1869 3462 2061 3534 variae
2115 3464 2524 3557 proprietates
2567 3466 2687 3539 lu-

676 3563 870 3635 minis
901 3567 1194 3657 cognosci
1219 3571 1281 3635 et
1309 3567 1584 3637 examini
1608 3568 1829 3659 suinci
1878 3590 2013 3639 non
2043 3576 2348 3661 possunt,
2403 3572 2526 3643 nisi
2565 3574 2676 3655 in.

678 3689 813 3764 per,
843 3676 1078 3742 etcum
1105 3671 1328 3742 eodem
1347 3670 1639 3753 lumine,
1665 3674 1847 3745 nobis
1878 3682 2029 3745 noto
2049 3676 2155 3747 vel
2180 3677 2543 3747 immediate
2567 3700 2685 3773 per

677 3776 991 3849 actionem
1019 3780 1154 3869 eJus
1173 3778 1526 3850 directam
1506 3801 1577 3848 m
1597 3800 1816 3850 sensus
1836 3789 2120 3864 nostros,
2147 3785 2253 3854 vel
2274 3786 2541 3855 mediato
2571 3808 2686 3882 per

676 3880 886 3954 radios
910 3882 1171 3955 luminis
1193 3907 1231 3955 a
1267 3886 1635 3977 corporibus
1659 3888 1964 3964 reflexos.
1998 3891 2082 3962 ita
2105 3895 2169 3965 et
2192 3890 2512 3970 existentia
2533 3891 2690 3974 Dei.
