2988 4832
1370 572 1492 648 101

962 844 1280 925 PARS
1320 847 1699 928 88011ῑῖ
1701 848 1899 928 DA.

1139 1063 1715 1132 PschoLomA.

514 1269 629 1342 48.
677 1269 953 1354 Quaestio
978 1322 998 1352 ‚
1039 1291 1183 1360 quoe
1204 1270 1276 1339 in
1298 1272 1422 1341 hac
1450 1275 1630 1363 parte
1656 1267 2110 1364 Metaphysices
2131 1291 2248 1364 per
2271 1269 2441 1362 Psy·

309 1424 316 1429 -
429 1379 797 1471 chologiam
843 1377 1220 1449 rationalem
1252 1400 1366 1447 seu
1409 1378 2038 1450 transcendentalem
2065 1379 2442 1452 resolvenda

420 1488 828 1583 proponitur,
878 1492 973 1557 est
1014 1509 1032 1556 ε
1084 1488 1255 1568 Quid
1299 1497 1387 1554 est
1418 1488 1635 1555 bomo?
1672 1484 1826 1557 Hoec
1856 1492 2072 1555 autem
2106 1489 2370 1578 quaestio
2413 1539 2434 1566 .

389 1601 735 1684 -quatenus
782 1596 867 1664 ad
903 1616 1049 1663 eam
1079 1586 1330 1664 omnes'
1343 1593 1428 1662 ab
1454 1594 1595 1685 ipsa
1630 1594 1862 1662 natura
1885 1592 2129 1685 impelli
2168 1615 2237 1664 se
2281 1615 2443 1664 sen-

418 1701 594 1771 tiunt
607 1754 628 1783 ,
661 1703 914 1794 respicit
934 1706 1077 1771 tum
1103 1702 1494 1772 intimiorem
1517 1706 1817 1793 naturam
1843 1708 1909 1775 et
1932 1702 2269 1773 essentiam
2291 1705 2439 1773 ani-

418 1832 548 1879 mae
571 1861 589 1889 ,
660 1816 804 1879 tum
834 1812 973 1900 ejus
1003 1831 1155 1880 cum
1196 1809 1389 1879 rebus
1439 1815 1613 1878 extra
1655 1832 1723 1879 se
1778 1810 2242 1881 connexionem
2268 1863 2287 1892 ‚
2318 1832 2436 1882 seu

416 1918 618 1989 homo
646 1921 846 1989 relate
871 1919 955 1988 ad
999 1919 1285 1989 animam
1327 1939 1512 1987 suam
1556 1920 1906 1988 necessario
1930 1920 1994 1987 vi
2019 1924 2265 1988 naturae
2308 1940 2441 1989 suae

415 2026 771 2118 impellitur
797 2025 879 2096 ad
906 2027 1423 2118 cognoscendum
1438 2078 1455 2104 ,
1487 2027 1543 2095 si
1576 2025 1703 2095 fide
1739 2026 1859 2116 ipsi
1891 2025 2113 2094 datum
2146 2048 2280 2096 non
2314 2028 2434 2108 sit,

416 2134 528 2201 via
553 2135 827 2203 scientiae
853 2184 873 2214 ‚
916 2134 1069 2224 quid
1096 2135 1175 2203 sit
1214 2134 1599 2225 principium
1647 2136 1718 2201 in
1750 2134 2014 2202 homine
2059 2135 2345 2224 cogitans
2374 2141 2440 2205 et

417 2247 724 2332 appetens
755 2244 825 2310 in
856 2264 922 2310 se
950 2293 966 2320 ,
1003 2248 1066 2309 et
1095 2263 1449 2332 quamnam
1486 2262 1639 2307 cum
1671 2239 1863 2308 rebus
1892 2246 2065 2307 extra
2109 2261 2175 2308 se
2205 2241 2439 2311 habeat

417 2348 823 2418 relationem.
871 2347 1059 2418 Unde
1090 2348 1311 2439 suapte
1355 2347 1588 2415 natura
1627 2348 1698 2415 in
1741 2346 1899 2415 duas
1938 2346 2260 2419 Sectiones
2308 2354 2437 2419 tota

422 2454 835 2548 Psychologia
872 2457 1194 2526 rationalis
1216 2456 1518 2550 dividitur
1544 2508 1560 2534 ‚
1601 2477 1878 2546 quarum
1904 2456 2012 2524 1⁸·
2036 2458 2108 2523 de
2128 2458 2341 2523 anima
2365 2461 2441 2526 in

419 2589 482 2634 se
509 2579 564 2631 et
585 2567 849 2633 absolute
871 2574 1134 2655 spectata
1153 2589 1180 2645 ;
1210 2565 1305 2633 2⁴¹·
1330 2567 1403 2631 de
1422 2567 1637 2633 anima
1669 2567 1919 2648 relative
1952 2574 2214 2654 spectata
2235 2572 2402 2657 aget.

373 2763 384 2790 ἶ
507 2692 623 2760 Ast
651 2715 803 2761 cum
834 2694 1089 2772 omnia,
1127 2714 1272 2782 quae
1299 2693 1406 2761 hic
1449 2689 1776 2762 tractanda
1820 2699 2203 2771 occurrunt;
2238 2717 2435 2785 expe·-

375 2811 381 2829 ²
415 2789 712 2869 rientiam
748 2799 1050 2891 effugiant
1078 2806 1270 2890 atque
1300 2801 1433 2868 sola
1460 2802 1702 2868 ratione
1730 2822 1842 2869 seu
1871 2801 2198 2869 ratiocinio
2224 2802 2437 2870 resol-

414 2909 624 2978 venda
647 2910 774 2977 sint
796 2934 813 2975 z
838 2908 1239 2975 ratiocinium
1265 2914 1481 2975 autem
1503 2906 1772 2997 quodvis
1813 2908 2086 2996 postulet
2117 2906 2221 2975 vel
2242 2910 2435 2999 prin-

417 3005 655 3108 cipium
683 3015 941 3106 aliquod
968 3015 1227 3083 rationis
1240 3037 1355 3104 per
1377 3037 1443 3082 se
1466 3021 1716 3093 notum,
1750 3013 1852 3082 vel
1881 3015 2120 3081 sactum
2147 3013 2428 3104 aliquod,

417 3125 487 3191 in
514 3146 641 3214 quo
666 3122 993 3203 fundetur,
1016 3127 1207 3215 patet,
1235 3121 1721 3213 Psychologiam
1745 3123 2119 3192 rationalem
2145 3121 2228 3189 ab
2247 3145 2430 3215 expe-

415 3230 742 3312 rimentali
796 3252 909 3299 seu
954 3253 994 3299 a
1041 3232 1208 3302 sacto
1262 3229 1474 3319 aliquo
1508 3228 1830 3321 ⁸empirico
1850 3280 1869 3309 ,
1905 3252 2027 3322 per?
2047 3228 2302 3319 aliquod
2353 3252 2432 3300 ex

413 3337 830 3428 praestabilitis
876 3338 947 3405 in
974 3336 1213 3431 Logica
1259 3337 1520 3405 criteriis
1567 3342 1758 3417 certo,
1797 3335 2224 3406 inchoandam
2267 3357 2426 3410 esse.

412 3440 489 3514 ld
518 3452 730 3515 autem
758 3448 1001 3516 sactum
1036 3447 1108 3515 in
1139 3445 1424 3518 libertate
1449 3446 1821 3538 reponimus
1850 3443 1960 3539 (1).

474 3636 549 3703 (1)
568 3636 680 3687 Non
699 3638 797 3688 hoc
825 3649 1001 3701 sensu,
1022 3637 1161 3700 quasi
1178 3637 1379 3689 libertas
1412 3638 1477 3690 sit
1507 3638 1725 3702 primum
1739 3673 1755 3699 ‚
1777 3635 1910 3701 quod
1949 3635 2006 3688 in
2042 3639 2244 3689 homine
2265 3636 2431 3701 perci·

411 3712 567 3771 pstor,
587 3710 668 3758 vel
699 3708 837 3772 quasi
868 3708 1245 3762 fundamentum
1280 3712 1333 3761 et
1365 3710 1509 3761 radix
1548 3713 1839 3761 caeterarum
1872 3710 2086 3761 hominis
2124 3712 2428 3762 facultatum.

410 3780 635 3831 Libertas
652 3782 791 3831 enim
825 3780 985 3843 potius
1008 3783 1422 3845 complementum
1456 3796 1630 3833 earum
1668 3785 1769 3847 est,
1805 3796 1984 3846 easque
2019 3782 2351 3846 praesupponit
2372 3784 2430 3831 et

412 3851 558 3913 quasi
582 3866 643 3902 ex
674 3852 733 3901 iis
768 3852 1095 3915 componitur,
1116 3856 1167 3903 et
1195 3854 1313 3904 hinc
1346 3854 1420 3904 uti
1455 3855 1632 3903 ultimo
1664 3854 1803 3915 loco,
1825 3854 1896 3904 ita
1927 3854 2077 3904 ctiam
2112 3854 2270 3917 primo
2309 3851 2428 3914 poni

412 3924 573 3984 potest
591 3937 681 3985 pro
710 3922 882 3973 ordine
896 3959 914 3987 ,
946 3937 1095 3987 quem
1120 3924 1326 3987 quisque
1356 3926 1577 3988 elegerit.
1599 3925 1701 3975 Nos
1735 3925 1898 3989 itaque
1930 3926 2174 3989 analytica
2194 3923 2427 3975 methodo

412 3992 495 4041 usi
528 3994 806 4044 libertatem
828 3999 1064 4057 tanquam
1089 3997 1270 4047 sactum
1306 3997 1466 4059 primo
1499 3996 1770 4049 stabilimus
1785 4032 1803 4064 ,
1820 4001 1871 4052 et
1889 3997 2006 4052 dein
2027 3993 2428 4060 decomponeado

414 4063 476 4112 ιω
515 4063 705 4127 singula
739 4066 879 4129 quasi
901 4065 1005 4129 eius
1043 4067 1354 4118 constitutiva
1384 4066 1727 4131 progredimur
