2988 4832
1969 316 1982 364 Ι

1567 420 1658 497 88

605 541 844 641 aliquid
878 548 1034 626 fuit.
1081 544 1365 636 adeoque
1406 540 1681 617 estuatio
1717 536 1813 617 rei
1845 557 1925 620 ex
1961 524 2180 623 nihilo
2205 535 2307 616 aui
2351 545 2420 619 et
2469 539 2626 616 eub-

597 654 786 746 jacti.
833 653 1019 744 cujus
1056 650 1409 725 absurditas
1445 669 1789 745 nunquam
1811 648 2245 743 demonstrata
2267 653 2403 732 est,
2452 672 2628 729 nuu-

484 821 490 834 .
605 781 806 854 quam
829 758 1253 833 demonstrari
1280 757 1537 851 poterit.

688 936 850 1006 Inst.
883 934 953 1004 3⁰
979 932 1107 1005 Sed
1125 931 1218 1004 sio
1250 936 1430 1007 aetus
1455 929 1579 1003 Dei
1606 930 1952 1002 tenderet
1930 954 2002 1001 m
2033 931 2392 1006 nihilum.
2439 935 2617 1026 atqui

601 1034 816 1123 actus,
870 1042 995 1137 qui
1026 1039 1283 1113 tendit
1264 1063 1339 1111 1n
1375 1040 1585 1122 nihil,
1630 1060 1767 1111 non
1802 1045 1898 1112 est
1934 1045 2156 1129 actus·
2199 1063 2355 1139 ergo
2383 1045 2614 1117 creatio

602 1156 764 1222 esset
787 1155 965 1223 actus
993 1149 1191 1223 simul
1217 1151 1283 1221 et
1303 1151 1695 1225 non-aetus.
1795 1218 1800 1221 ,

694 1329 776 1401 R.
811 1331 889 1398 D.
916 1327 1093 1416 Μαί.
1117 1323 1319 1397 Actus
1341 1321 1463 1397 Dei
1488 1319 1827 1394 tenderet
1803 1343 1877 1399 m
1899 1322 2181 1397 nihilum
2200 1326 2481 1397 materian
2506 1346 2628 1398 ceu

601 1417 867 1527 subjecti
890 1431 1248 1526 recipientis
1272 1433 1594 1503 actIonem
1627 1431 1911 1528 adeoque
1942 1433 2015 1503 in
2040 1432 2323 1535 nihilum
2372 1454 2414 1503 a
2440 1439 2625 1527 parte

567 1543 1138 1637 *reiproe-eoeietem
1155 1563 1193 1620 .’
1222 1541 1298 1609 C.
1319 1539 1487 1637 Mai.
1530 1537 1609 1609 In
1631 1540 1919 1613 'nihilum
1943 1538 2358 1609 efficiendum
2380 1584 2399 1621 ,
2429 1540 2479 1611 i.
2506 1547 2634 1625 ef:

601 1651 885 1721 tenderet
919 1650 993 1718 in
1032 1647 1159 1717 hoe
1177 1699 1197 1727 ,
1230 1650 1307 1716 ut
1349 1648 1515 1716 nihil
1542 1649 1653 1719 fiat
1690 1671 1732 1717 a
1762 1653 1943 1740 parte
1984 1651 2081 1718 rei
2119 1668 2329 1722 causae
2371 1650 2628 1721 formali

603 1760 930 1828 coexistens
943 1808 962 1835 ,
982 1758 1072 1829 N.
1092 1758 1260 1848 Maj.
1285 1753 1478 1829 Actui
1493 1757 1672 1827 enim
1693 1756 2042 1831 formaliter
2070 1764 2348 1852 spectato
2388 1760 2628 1833 coexis-

602 1864 680 1936 tit
699 1871 1006 1957 tanquam
1024 1865 1339 1941 terminus
1358 1864 1624 1937 actionis
1646 1869 1783 1957 ipsa
1802 1886 1904 1934 res
1925 1864 2256 1956 producta.
2295 1863 2471 1938 Deus
2491 1868 2627 1939 sci-‘-

600 1977 749 2045 licet
774 1973 1018 2042 habens
1042 1972 1115 2047 in
1137 1970 1644 2065 intelligibilitate
1674 1991 1807 2041 suae
1846 1970 2079 2044 divinae
2107 1978 2357 2045 naturae
2392 1971 2640 2074 essen—0

600 2085 830 2151 tialiter
878 2081 1049 2149 ideas
1094 2078 1485 2170 exemplares
1512 2099 2047 2172 quarumcunque
2094 2101 2316 2148 rerum
2376 2076 2640 2150 creabi-⁴

606 2189 771 2261 lium
792 2238 810 2268 ,
846 2188 1006 2256 dum
1027 2193 1235 2264 creat,
1271 2186 1413 2255 vult
1432 2237 1450 2265 ‚
1489 2191 1564 2254 ut
1585 2185 1823 2277 aliquid
1843 2237 1862 2265 ‚
1895 2185 2067 2276 quod
2086 2188 2261 2278 prius
2284 2186 2446 2256 nihil
2466 2189 2615 2267 fuit,

594 2299 731 2388 jam
752 2296 967 2367 existat
993 2346 1012 2374 ,
1050 2300 1112 2363 et
1135 2294 1218 2363 ad
1240 2301 1412 2363 extra
1434 2294 1717 2386 aliquam
1740 2316 1819 2363 ex
1853 2294 1977 2362 illis
1996 2293 2154 2363 ideis
2173 2302 2613 2389 repraesentet.

600 2402 787 2473 Unde
823 2409 998 2471 aetus
1024 2400 1143 2470 Dei
1166 2424 1299 2471 non
1319 2401 1523 2471 tendit
1538 2402 1799 2494 praecise
1829 2402 1900 2471 in
1920 2401 2239 2483 nihilum.
2274 2400 2389 2473 sed
2418 2404 2623 2476 tendit

601 2511 673 2578 in
695 2508 1317 2601 repraesentationem
1339 2514 1669 2577 externam
1692 2531 1956 2577 suarum
1973 2510 2265 2580 idearum
2285 2513 2621 2604 exempla·-

598 2616 819 2693 rium‚
855 2637 998 2704 quae
1026 2616 1287 2705 quidem
1322 2636 1458 2684 non
1500 2622 1660 2684 esta
1683 2619 1862 2712 parte
1885 2617 1981 2686 rei
2007 2618 2455 2711 praeexistens,
2507 2622 2622 2690 sed

599 2742 716 2810 per
736 2724 950 2788 actum
979 2722 1311 2790 creationis
1329 2720 1404 2789 fit
1430 2723 1799 2792 coexistens,
1850 2721 1958 2793 Sic
1981 2724 2190 2818 pictor
2210 2726 2435 2798 volens
2456 2726 2621 2819 pin-

600 2849 751 2915 gere
774 2828 1122 2918 imaginem
1137 2850 1379 2951 ,equam
1402 2831 1622 2899 animo
1637 2833 2093 2923 praeooncepit‚
2126 2839 2272 2901 actu
2300 2855 2415 2903 suo
2435 2840 2609 2904 certe
2687 2859 2690 2860 ⁷

605 2954 742 3005 non
750 2934 949 3004 tendit
963 2957 1173 3026 neque
1189 2937 1261 3007 in
1277 2936 1881 3028 tabulamtanquam
1898 2940 2036 3030 subj
2042 2946 2254 3014 ectum
2271 2944 2622 3034 recipiens,

554 3133 558 3138 Ι
598 3057 807 3129 neque
851 3039 923 3110 in
967 3041 1211 3116 colores
1226 3090 1250 3123 .
1298 3065 1510 3136 neque
1534 3045 1607 3122 in
1643 3045 1995 3136 aliudquid
2035 3046 2407 3136 hujusmodi
2422 3100 2443 3131 ‚
2499 3050 2616 3121 sed

597 3148 794 3215 tendit
818 3149 890 3217 in
915 3148 1264 3239 imaginem
1278 3151 1458 3240 juxta
1484 3150 1697 3219 ideam
1718 3158 2231 3243 praeconceptam
2251 3154 2612 3228 efforman‘-

600 3254 779 3328 dam.
816 3253 970 3328 Haec
996 3262 1215 3328 autem
1236 3258 1451 3350 imago
1484 3281 1525 3327 a
1546 3266 1722 3352 parte
1741 3261 1838 3328 rei
1865 3264 2026 3344 *ante
2052 3260 2453 3332 effectionem
2491 3265 2612 3332 fuit

595 3362 760 3430 nihil
779 3412 800 3443 ‚
849 3362 1129 3458 adeoque
1164 3370 1342 3435 actus
1379 3366 1633 3462 pictoris
1675 3371 1877 3460 potest
1910 3366 2035 3435 dici
2062 3368 2320 3437 tendere
2345 3371 2416 3440 in
2447 3372 2609 3441 nihil

585 3471 985 3560 proeexistens
1008 3492 1048 3542 a
1073 3476 1252 3571 parte
1280 3474 1374 3545 rei
1397 3524 1421 3556 ,
1469 3473 1582 3542 sed
1613 3496 1747 3544 non
1783 3475 1854 3541 in
1880 3469 2042 3541 nihil
2081 3496 2121 3542 a
2162 3480 2342 3567 parte
2378 3477 2473 3545 rei
2504 3501 2607 3545 co-

597 3575 882 3649 existens.
929 3576 1148 3672 Imago
1171 3582 1349 3650 enim
1382 3602 1499 3676 per
1535 3586 1751 3651 actum
1777 3581 1991 3674 ipsum
2014 3581 2134 3663 fit,
2191 3581 2474 3679 adeoque
2513 3591 2606 3654 est

596 3686 909 3756 terminus
937 3690 1198 3792 actionis
1228 3689 1569 3770 coexistens
1592 3740 1608 3765 .
1643 3696 1704 3759 et
1727 3690 1799 3760 in
1825 3690 2004 3760 hunc
2026 3689 2239 3762 solum
2258 3698 2437 3764 actus
2455 3693 2601 3778 pie-

512 3865 513 3870 *
595 3793 749 3860 toris
775 3792 1000 3870 tendit.
