2988 4832
476 587 708 691 positio
717 610 749 680 '3
786 587 883 671 nii
915 586 1298 697 ‘experiefitid
1319 583 1643 680 'hohstafs
1661 591 1750 669 >in
1782 592 2048 691 singulis
2075 588 2500 674 ''dish-ibutivo

478 707 767 799 partibus
794 709 1049 782 dissolvi
1069 717 1259 804 atque
1285 711 1409 780 alio
1429 716 1494 780 et
1515 709 1641 778 alio
1659 708 1852 777 modo
1883 707 2188 800 conjungi
2212 714 2279 777 et
2320 711 2496 780 uniri

477 821 725 906 potest;
762 840 917 909 ergo
935 821 1221 889 mundus
1249 819 1496 887 ratione
1527 815 1810 886 essentiae
1832 836 1964 884 suae
1997 819 2199 907 potest
2233 817 2490 892 mutari.

476 923 607 994 Sed
630 928 867 996 mutari
897 928 1089 997 etiam
1126 932 1331 1019 potest

566 1044 651 1138 b)
687 1048 951 1114 Ratione
976 1048 1315 1115 modorum.
1373 1043 1542 1114 Nam
1573 1043 1833 1129 nullum
1877 1050 1972 1112 est
2015 1064 2246 1136 eorpus
2263 1093 2288 1125 ,
2323 1042 2495 1136 quod

474 1173 613 1223 non
638 1154 833 1245 possit
865 1153 1048 1223 aliter
1079 1158 1269 1245 atque
1293 1152 1486 1222 aliter
1504 1151 1855 1221 modificari
1877 1203 1895 1231 ‚
1942 1152 2191 1222 moveri
2230 1156 2296 1221 et
2320 1154 2496 1222 exis-

473 1268 610 1330 tere
632 1313 650 1341 ,
684 1266 748 1330 et
775 1261 948 1352 quod
971 1260 1050 1330 de
1075 1262 1239 1331 sacto
1263 1282 1399 1329 non
1425 1259 1608 1329 aliter
1642 1262 1834 1350 atque
1869 1259 2051 1328 aliter
2070 1258 2494 1341 modificetur,

474 1376 809 1441 moveatur
847 1375 911 1440 et
954 1370 1174 1438 existat
1199 1395 1217 1451 ;
1285 1391 1438 1461 ergo
1493 1373 1559 1437 et
1618 1372 1749 1437 tota
1802 1368 2089 1437 cellectio
2152 1389 2496 1459 corporum

352 1524 357 1537 f
473 1500 592 1548 seu
626 1476 909 1546 mundus
954 1497 1153 1547 novas
1185 1478 1440 1568 suscipit
1469 1475 1966 1545 modificationes
1999 1497 2077 1544 ex
2103 1475 2498 1545 successione

474 1586 820 1656 modorum
846 1591 911 1655 et
944 1590 1241 1656 motuum
1263 1636 1281 1665 ,
1310 1605 1471 1675 quos
1492 1583 1843 1676 suscipiunt
1865 1583 2120 1675 singula
2144 1585 2280 1676 ejus
2311 1607 2498 1665 com-‚

472 1695 813 1788 ponentia,
850 1693 895 1761 i.
934 1715 996 1762 e.
1030 1714 1299 1784 corpora

563 1818 727 1890 Vide
745 1817 832 1887 ad
859 1817 1034 1890 hane
1054 1840 1200 1891 rem
1226 1820 1420 1891 etiam
1446 1818 1744 1890 Nonnote
1766 1815 1854 1912 (1)
1883 1821 1949 1890 et
1968 1815 2232 1931 Bergier
2261 1818 2374 1913 (2).

1166 2033 1819 2112 OBJEchoNES.'

565 2231 635 2301 8.
709 2230 879 2301 OBJ.
940 2228 1222 2303 Mundus
1284 2255 1401 2302 seu
1451 2233 1718 2301 materia
1764 2221 2038 2304 existit't
2098 2224 2276 2323 atqui
2325 2240 2497 2323 quod

478 2339 712 2419 existit,
745 2363 996 2432 semper
1024 2341 1220 2411 extitit
1248 2367 1267 2422 3
1313 2361 1468 2432 ergo
1494 2338 1781 2410 mundus
1803 2342 2008 2410 existit
2034 2343 2452 2413 necessario..

565 2481 644 2551 R.
700 2486 771 2555 C.
826 2488 994 2575 Maj.
1042 2489 1135 2559 D.
1168 2489 1340 2558 Min.
1390 2486 1577 2570 Quod
1624 2488 1827 2556 existit
1854 2509 2187 2555 accessor-:o
2214 2494 2281 2556 et
2312 2511 2357 2556 a
2382 2506 2499 2569 se:

476 2614 730 2682 semper
757 2595 954 2662 extitit
987 2617 1197 2686 neque
1226 2597 1481 2665 initium
1516 2595 1824 2665 existendi
1854 2594 2092 2664 habere
2125 2596 2331 2687 potuit
2354 2647 2372 2675 ,
2417 2597 2495 2666 C.

476 2699 646 2769 Μίη.
687 2699 872 2783 Quod
901 2704 1104 2772 existit
1136 2706 1520 2794 fhypotlzetice
1552 2709 1617 2771 et
1644 2705 2076 2792 continqenter,
2109 2703 2207 2773 uti
2240 2702 2502 2773 existere

475 2810 827 2878 necessario
879 2809 1112 2879 debent
1148 2812 1368 2880 omnia
1396 2812 1578 2879 finita
1614 2810 1685 2879 'et
1735 2809 2067 2888 mutabilia
2119 2809 2404 2901 adeoque
2432 2817 2500 2881 et

474 2915 760 2986 mundus
794 2940 907 2987 seu
935 2919 1199 2988 materia
1221 2971 1239 2999 ‚
1289 2921 1378 2989 Ν.
1414 2921 1584 2990 Min.
1627 2917 1828 2987 Seeus
1868 2923 1933 2986 et
1963 2917 2072 2998 ille
2099 2909 2120 2996 ξ
2134 2920 2141 2927 '
2173 2917 2292 3008 qui
2320 2916 2500 2987 hanc

475 3019 895 3115 objectionem
924 3028 1072 3096 facit
1094 3079 1113 3107 ‚
1146 3027 1273 3097 hoe
1298 3019 1435 3119 ipso
1456 3079 1472 3106 ‚
1511 3026 1687 3119 quod
1713 3028 1915 3097 existit
1936 3024 1961 3108 ,‘'
1990 3048 2243 3117 semper
2275 3032 2340 3094 et
2369 3048 2499 3095 ne-

478 3134 746 3203 cessario
768 3136 1027 3204 existere
1056 3135 1339 3227 adeoque
1366 3137 1504 3205 sine
1529 3142 1709 3228 patre
1747 3142 1813 3206 et
1839 3142 2043 3207 matre
2074 3156 2207 3205 esse
2236 3134 2497 3205 debuis-

477 3245 595 3310 set.
637 3240 819 3323 Quod
849 3243 1140 3324 sidicat,
1181 3266 1247 3313 se
1277 3266 1412 3313 non
1439 3265 1692 3337 semper
1724 3245 1994 3317 extitisse
2026 3244 2224 3314 talem
2243 3294 2261 3323 ,
2290 3244 2516 3333 qualis*

480 3368 658 3419 nune
674 3352 772 3429 sit,
804 3352 914 3420 sed
936 3352 1130 3422 talem
1159 3374 1224 3422 se
1247 3354 1595 3423 formatum
1626 3368 1758 3425 esse
1790 3377 1868 3425 ex
1892 3355 2158 3425 materia
2184 3355 2496 3446 praeexis-

482 3465 652 3529 tente
676 3487 695 3542 ς
716 3460 1066 3550 respondeo
1094 3462 1408 3552 inprimis,
1443 3484 1598 3554 ergo
1621 3468 1686 3533 et
1704 3464 2049 3550 muudum,
2085 3462 2291 3553 qualis
2310 3484 2496 3534 nune

480 3572 577 3639 est
597 3616 620 3648 .
665 3589 742 3637 ex
779 3567 1010 3639 actuali
1066 3570 1390 3641 existentia
1440 3571 1667 3645 inferri
1728 3574 1951 3665 nequit
2002 3593 2254 3665 semper
2301 3573 2493 3643 fuisse

548 3780 617 3849 (1)
647 3781 896 3833 Nonnotte
924 3795 1011 3832 seu
1044 3785 1216 3833 auctor
1248 3784 1445 3847 operis:
1474 3785 1549 3835 Er
1519 3799 1636 3835 rreu
1639 3800 1693 3835 rs
1729 3784 1792 3834 de
1820 3782 1884 3832 Vo
1889 3784 1980 3833 Μαι·
1960 3799 2052 3836 ιι·.ι1
2085 3784 2145 3833 In
2180 3785 2308 3833 lirob
2331 3780 2495 3834 :me-

485 3852 667 3909 (immac
651 3854 824 3921 lrepln
808 3856 875 3905 ilo
848 3854 1018 3920 oaisopl
982 3869 1109 3921 uque
1132 3855 1196 3906 de
1216 3855 1311 3906 Ιαι
1314 3857 1393 3907 ·iel
1372 3858 1526 3927 z‘.qzon
1559 3857 1699 3917 Tom.
1724 3860 1772 3911 2.
1794 3856 1902 3916 Art·
1922 3855 2146 3943 muliere.
2168 3857 2296 3911 Seet.
2318 3858 2366 3906 2.

554 3923 624 3991 (Ξ)
655 3926 821 3985 Trai&
837 3926 901 3985 de
920 3928 974 3978 la
999 3929 1141 3984 arram
1163 3928 1394 3990 relwion·
1503 3935 1571 3949 ⁴*
