2988 4832
1536 576 1670 648 252

582 726 585 733 2
678 685 835 756 Inst.
884 687 971 756 2⁰-
1001 685 1076 755 In
1116 688 1465 780 republica·
1501 693 1671 762 civili
1710 687 2017 784 supplicia
2060 688 2271 779 aliqua
2314 694 2608 760 extraor-

595 796 837 864 dinaria
864 844 881 873 .
949 800 1023 863 ut
1074 817 1266 887 poena
1325 796 1783 868 combustionis
1802 849 1822 879 ‚
1894 795 2313 884 comminutio
2366 795 2606 866 ossium

594 908 715 973 etc.
739 953 756 981 ,
795 903 941 973 licet
970 924 1107 972 non
1133 902 1247 971 diu
1277 904 1550 989 durent,
1599 912 1944 976 censentur
1979 910 2045 975 et
2080 903 2434 974 universim
2456 908 2609 972 sunt

593 1011 880 1080 medium
930 1011 1250 1080 sufficiens
1301 1010 1385 1081 ad
1428 1012 1724 1085 homines
1747 1032 1751 1036 *
1772 1015 1844 1083 in
1888 1012 2097 1082 officio
2140 1012 2606 1091 continendos;

597 1139 750 1210 ergo
773 1140 816 1187 a
836 1120 997 1209 pari.

684 1254 766 1325 R.
815 1256 880 1326 1⁰
921 1258 1008 1328 N.
1045 1259 1300 1350 Suppes.
1336 1254 1498 1329 Ant(
1528 1259 1843 1353 Supponit
1875 1261 2054 1331 enim
2085 1260 2383 1330 homines
2422 1257 2609 1328 nullo

599 1364 721 1431 alio
747 1365 927 1434 freno
959 1366 1029 1434 in
1066 1367 1275 1435 officio
1306 1367 1620 1438 contineri
1646 1420 1663 1447 ‚
1713 1391 1911 1459 quam
1947 1368 2143 1459 poena'i
2186 1368 2305 1436 ista
2341 1371 2610 1456 tempo-

597 1472 810 1555 raria3
846 1490 1000 1540 cum
1026 1477 1245 1542 tamen
1277 1473 1494 1542 nullus
1517 1475 1627 1552 sit,
1665 1476 1776 1565 qui
1812 1496 1946 1544 non
1976 1474 2169 1544 simul
2199 1474 2394 1564 poene
2426 1478 2633 1544 aeter·.

601 1580 689 1649 nii
722 1585 786 1648 et
811 1579 1076 1648 horrore
1114 1579 1395 1670 quodam
1421 1582 1696 1649 naturali
1728 1605 1767 1649 a
1792 1582 2041 1673 flagitiis
2058 1634 2076 1662 ,
2113 1603 2258 1672 quae
2287 1581 2606 1649 istiusmo-

603 1687 669 1754 di
696 1707 953 1778 poenam
975 1692 1115 1778 post
1137 1709 1203 1756 se
1230 1688 1493 1757 trahunt
1512 1738 1531 1767 ‚
1566 1688 2009 1759 absterreatur.
2046 1688 2178 1760 Sed

689 1842 783 1912 R(
825 1841 895 1911 2⁰
954 1844 1231 1910 Concessa
1280 1844 1464 1910 eciam
1511 1844 1895 1911 Amce-edenti
1917 1894 1936 1922 ‚
1982 1846 2071 1913 Ν.
2126 1847 2305 1913 Cous.
2358 1857 2416 1912 et
2456 1865 2612 1934 par.
2651 1858 2652 1865 ’

606 1948 777 2018 Nam
813 1950 1162 2019 istiusmodi
1200 1971 1408 2040 poenae
1453 1951 1817 2020 facinorosis
1848 1945 2055 2040 infligi
2085 1952 2284 2021 solitae
2326 1952 2622 2042 primum

611 2056 869 2148 quidem
915 2078 1069 2127 cum
1117 2057 1373 2147 publicai
1420 2057 1685 2126 infamia
1730 2058 2087 2148 conjunctae
2129 2064 2281 2128 sunt
2301 2110 2319 2136 ‚
2376 2063 2438 2126 et
2466 2058 2623 2135 dein

612 2167 1011 2259 aspectabiles
1029 2166 1100 2236 in
1121 2166 1336 2236 oculos
1356 2164 1593 2234 cadunt
1608 2215 1629 2246 ‚
1655 2166 1914 2257 ipsoque
1932 2173 2188 2257 aspectu
2208 2166 2566 2258 percellunt
2596 2193 2618 2243 ;

614 2282 709 2349 ast
733 2276 1037 2369 supplicia
1061 2274 1316 2345 alterius
1357 2274 1502 2344 vitae
1545 2296 1668 2343 nec
1694 2281 2074 2366 praesentem
2100 2274 2374 2355 afferunt
2423 2274 2615 2363 igno·
2645 2300 2652 2305 ·

614 2386 875 2454 minium
898 2435 921 2466 .
968 2405 1091 2455 nec
1129 2388 1373 2453 remota
1400 2382 1482 2451 ab
1513 2382 1714 2453 oculis
1748 2383 1976 2452 nostris
2015 2381 2102 2452 ita
2132 2382 2429 2451 animum
2457 2403 2628 2472 per-

616 2493 877 2562 cellunt.
934 2490 1018 2559 Et
1071 2511 1294 2559 revera
1339 2491 1721 2579 experientia
1772 2490 1881 2557 hic
1932 2511 2051 2581 pro
2102 2488 2286 2558 nohis
2342 2494 2653 2579 pugnabv

615 2600 868 2684 Quoties
903 2598 1081 2667 enim
1120 2597 1456 2667 Christiani
1473 2645 1499 2678 ,
1544 2597 1658 2687 qui
1692 2597 2020 2667 infernum
2052 2618 2399 2689 poenasque
2432 2600 2625 2663 eeter-

616 2731 732 2778 nas
757 2706 1025 2801 credunt
1043 2753 1068 2785 .
1109 2703 1334 2774 iisdem
1365 2708 1583 2772 tamen
1614 2703 1719 2772 vix
1748 2710 2254 2782 commoventur,
2285 2725 2438 2772 cum
2464 2723 2625 2770 con-

614 2822 712 2885 tra
731 2868 748 2895 ‚
778 2800 865 2884 'si
916 2813 1264 2883 facinoroso
1317 2811 1571 2880 cuidem
1613 2812 1686 2880 in
1733 2813 1876 2881 rota
1926 2834 2067 2883 ossa
2106 2812 2461 2882 comminui
2509 2816 2628 2880 aut

614 2922 895 2993 eundem
919 2921 1141 2990 vivum
1169 2918 1458 2989 comburi
1484 2918 1761 2989 viderint
1780 2970 1799 2999 .
1836 2920 2077 2990 intimis
2102 2919 2446 2990 visceribus
2473 2922 2631 2986 tan-

615 3035 857 3123 guntur
875 3080 898 3110 ,
938 3027 1239 3100 omnibus
1286 3027 1550 3096 artubus
1601 3029 2100 3100 contremiscunt
2115 3079 2134 3108 ‚
2184 3034 2248 3097 et
2300 3029 2628 3097 internam

618 3139 816 3209 animi
836 3136 1331 3208 commotionem
1349 3135 1484 3226 ipso
1503 3135 1719 3204 vultus
1744 3138 1985 3229 pallore
2013 3137 2296 3206 indicant
2317 3162 2334 3216 ;
2367 3142 2437 3203 ut
2462 3134 2630 3202 adeo.

619 3247 1027 3335 manifestum
1082 3243 1209 3322 sit,
1268 3247 1509 3333 quanto
1562 3245 1872 3333 maj0rem
1924 3244 2230 3335 supplicia
2290 3241 2626 3331 praesontia

620 3359 807 3445 atque
832 3352 1031 3439 oculis
1058 3350 1364 3442 subjecta,
1400 3372 1596 3439 quam
1632 3358 1878 3419 remota
1907 3359 1976 3422 et
2003 3352 2367 3425 abscondita
2393 3351 2462 3420 iu
2486 3348 2628 3419 ani-

625 3465 741 3535 mis
772 3461 1114 3535 hominum
1143 3458 1627 3554 impressionem
1656 3458 1913 3535 saciant.
1978 3547 1993 3560 .
2109 3503 2155 3540 a„
