2988 4832
1571 480 1703 551 324-

642 599 775 671 sine
801 601 930 674 fine
949 602 1187 674 durans
1209 657 1225 684 ‚
1258 605 1541 697 adeoque
1564 607 1972 677 essentialiter
1997 605 2298 680 aeternus,
2332 607 2459 679 Sed
2484 607 2651 682 Deus

641 709 736 776 est·
777 716 954 780 actus
984 735 1183 803 purus
1212 719 1275 781 et
1312 715 1442 782 vita
1489 714 1682 805 plena
1707 767 1725 794 ‚
1761 738 1905 805 quae
1953 738 2076 786 nec
2116 718 2497 786 incrementi
2534 741 2648 788 nec

641 816 1075 888 diminutionis
1117 823 1195 889 sit
1224 843 1422 912 capax
1450 850 1468 901 ;
1509 841 1662 913 ergo
1711 845 1863 895 cum
1898 821 2080 892 'Deus
2128 829 2193 892 et
2237 826 2549 893 aeternitas
2578 827 2650 893 sit

638 925 808 993 idem
834 978 852 1005 ‚
882 928 1071 995 etiam
1106 930 1427 997 aeternitas
1456 937 1634 997 actus
1660 953 1860 1022 purus
1887 937 1949 999 et
1972 934 2102 1001 vita
2130 932 2323 1022 plena
2357 935 2650 1025 sit'opor-

638 1038 747 1101 tet.
806 1033 990 1115 Quod
1024 1042 1095 1103 ut
1135 1037 1566 1127 intelligatun
1617 1035 1938 1128 quomodo
1967 1039 2046 1107 sit
2068 1078 2105 1118 ‚·
2125 1041 2304 1131 prius
2328 1038 2602 1114 breviter
2631 1092 2649 1118 ‚

639 1142 802 1232 quid
824 1143 886 1211 et
908 1145 1253 1235 quotuplex
1286 1151 1540 1236 tempus
1564 1148 1663 1223 sit,
1687 1146 2133 1215 annotandum
2151 1149 2292 1223 erit,
2315 1152 2388 1213 ut
2405 1148 2648 1227 exinde,

639 1252 962 1341 quomodo
986 1253 1177 1344 plena
1198 1254 1326 1322 vita
1354 1250 1476 1321 Dei
1509 1254 1589 1323 sit
1618 1254 1933 1355 aeternitas
1957 1251 2118 1332 Dei,
2148 1258 2432 1322 eruatur.
2468 1252 2655 1324 Unde

728 1394 780 1479 b)
809 1391 986 1462 Sicut
1014 1393 1288 1483 spatium
1322 1396 1415 1460 est
1438 1391 1658 1460 relatio
1688 1413 1909 1462 rerum
1939 1392 2491 1482 extra-positarum
2519 1392 2602 1485 (1)
2633 1421 2652 1473 ς

635 1502 722 1568 ita
750 1514 976 1589 tempus
1008 1506 1100 1568 est
1133 1497 1353 1567 relatio
1393 1501 1778 1567 successionis
1818 1522 2026 1567 rerum
2059 1500 2496 1567 succedentium
2523 1551 2545 1581 ,
2595 1507 2658 1569 et

640 1607 900 1698 quidem
926 1658 943 1683 ‚
992 1606 1151 1674 sicut
1180 1606 1455 1698 spatium
1480 1659 1500 1687 ‚
1544 1609 1781 1675 actuale
1837 1606 1942 1676 vel
1987 1607 2273 1697 possibile
2288 1657 2309 1686 ‚
2341 1611 2532 1696 prout
2556 1629 2657 1677 re-

634 1714 785 1785 latio
811 1714 922 1782 illa
954 1719 1046 1781 est
1074 1713 1293 1781 relatio
1326 1716 1735 1783 successionis
1768 1712 2028 1782 actualis
2054 1712 2161 1781 vel
2199 1712 2508 1804 possibilis
2533 1712 2645 1804 (2).

637 1823 755 1894 Ast
769 1828 1021 1911 tempus
1041 1821 1302 1912 insuper
1322 1823 1440 1912 pro
1463 1821 1782 1912 spiritibus
1800 1826 1894 1889 est
1913 1819 2148 1913 duplex
2172 1845 2191 1889 ε
2226 1820 2460 1889 scilicet
2482 1819 2655 1890 aliud

637 1934 730 1997 est
764 1929 1170 1995 extrinsecum
1216 1927 1575 2019 spiritibus3
1632 1927 1807 1995 aliud
1835 1927 1982 2018 ipsis
2009 1929 2431 1997 intrinsecum.
2491 1925 2684 2031 Suc-5

640 2037 831 2104 cessio
852 2035 1092 2104 'rerum
1124 2042 1556 2116 externarum;
1585 2036 1680 2103 uti
1706 2035 1876 2113 soliS‚
1910 2034 2110 2112 lunae,
2140 2041 2325 2105 terrae
2352 2042 2478 2116 etc,
2510 2033 2686 2126 quaei

634 2165 751 2235 per
781 2149 993 2212 motus
1019 2144 1280 2213 diurnos
1298 2195 1318 2225 ,
1363 2154 1725 2212 menstruos
1746 2148 1808 2211 et
1831 2164 2082 2211 annuos
2110 2142 2243 2210 dies
2264 2194 2283 2223 ‚
2319 2163 2573 2211 menses
2593 2148 2653 2211 et
2679 2123 2686 2139 ’

635 2271 839 2319 annos
863 2252 1299 2332 constituunt,
1349 2252 1542 2320 efficit
1570 2256 1821 2341 tempus
1849 2251 2297 2319 extrinsecum.
2332 2249 2653 2319 Successio

632 2378 804 2427 vero
839 2359 1162 2428 variarum
1216 2359 1654 2448 cognitionum
1670 2408 1690 2439 ,
1751 2357 2134 2428 volitionum
2163 2362 2310 2438 etc„
2343 2357 2415 2425 in
2438 2363 2653 2429 mente

633 2467 813 2534 finita
854 2464 1045 2534 efficit
1085 2471 1335 2558 tempus
1383 2469 1828 2535 intrinsecum.
1881 2459 2071 2536 Unde
2103 2465 2500 2558 concipimus
2524 2514 2543 2543 ‚
2600 2464 2652 2533 si

634 2574 799 2642 nihil
816 2623 835 2651 ‚
877 2574 998 2640 nisi
1018 2595 1189 2641 unus
1213 2574 1383 2641 solus
1430 2573 1682 2664 spiritus
1733 2579 1979 2641 creatus
2009 2573 2334 2649 existeret,
2390 2571 2647 2639 nullum

633 2685 889 2770 tempus
930 2681 1174 2748 actuale
1200 2681 1634 2770 {extrinsecum
1663 2733 1678 2759 ,
1736 2682 1868 2751 sed·
1890 2685 2143 2749 tantum
2196 2680 2596 2746 intrinsecum
2626 2729 2643 2756 ,

632 2791 823 2876 atque
872 2789 984 2853 Ιιοσ·
1018 2787 1279 2877 quidem
1307 2791 1507 2878 ipsam
1535 2790 1710 2855 illius
1751 2789 2008 2878 spiritus
2049 2787 2244 2853 vitam
2287 2786 2440 2872 fore.
2504 2783 2650 2854 Vita

634 2895 811 2964 enim
836 2895 1097 2963 actualis
1130 2897 1466 2986 spirituum
1496 2918 1608 2965 seu
1636 2897 1766 2964 vita
1793 2897 1864 2964 in
1904 2900 2078 2965 actu·
2097 2890 2376 2977 secundo
2415 2891 2646 2960 consti-

634 3003 831 3070 tuitur
880 3025 996 3094 per
1018 3002 1385 3093 hujusmodi
1420 3005 1812 3102 operationes
1861 3025 1974 3074 seu
2008 3008 2186 3072 actus
2210 2998 2429 3068 vitales
2468 2999 2649 3090 cogi-

632 3108 810 3177 tandi
834 3160 855 3189 ,
884 3110 1142 3179 volendi
1168 3118 1291 3181 etc.
1325 3110 1528 3181 Porro

720 3244 771 3339 c)
801 3243 951 3315 Vita
975 3247 1114 3316 haec
1139 3249 1401 3317 interior
1422 3249 1676 3341 spiritus
1699 3271 1833 3320 non
1855 3255 2059 3341 potest
2088 3255 2379 3342 tempore
2408 3243 2646 3313 extrin-

633 3362 777 3427 seco
792 3356 1149 3424 mensurari
1172 3408 1188 3434 ,
1217 3354 1325 3424 sed
1348 3361 1444 3426 est
1463 3357 1580 3426 sibi
1603 3359 1720 3449 ipsi
1743 3380 2067 3430 mensura.
2106 3355 2212 3425 Sic
2231 3376 2412 3432 sane.
2447 3351 2500 3419 si
2521 3351 2647 3418 duo

633 3461 884 3549 spiritus
910 3464 1168 3532 existere
1202 3471 1646 3555 supponantur
1665 3516 1682 3543 ,
1725 3487 2002 3554 quorum
2043 3478 2215 3533 unus
2259 3462 2431 3529 intra
2473 3456 2648 3524 horae

633 3569 906 3657 spatium
935 3570 1155 3639 decem
1180 3622 1197 3649 ‚
1236 3572 1395 3641 alter
1424 3573 1708 3664 quinque
1742 3572 1950 3640 solum
1979 3570 2369 3664 cognitiones
2395 3571 2459 3635 et
2483 3563 2646 3633 voli-

655 3845 672 3869 .
697 3776 768 3843 (1)
797 3777 925 3897 Vi12¹⁰
943 3776 1061 3842 Cap.
1100 3779 1307 3843 praeced.
1340 3790 1401 3831 11⁰
1443 3783 1552 3835 132.
1597 3780 1720 3852 Peg.
1742 3783 1831 3834 816
1855 3785 1905 3834 et
1944 3780 2105 3834 Ontol.
2146 3744 2281 3836 Piri.
2309 3780 2375 3831 11.
2418 3779 2546 3832 Sect.
2587 3781 2641 3827 3.

633 3849 673 3900 (a
687 3862 765 3986 ιδ)
778 3851 972 3973 Βὸηίὲἳ..
981 3853 1107 3974 1211913
1134 3923 1235 3988 Pag
1255 3934 1369 3988 300,

2206 4045 2260 4052 -„
2314 4044 2384 4066 r.
