2988 4832
330 585 693 690 permittat?
731 597 861 667 aut
868 598 941 667 ut
971 598 1245 667 mortem
1248 494 1609 688 {ideam-is
1639 601 1944 668 voluntate
1964 603 2336 691 consequenti

330 704 522 784 velit,
567 705 619 773 si
646 703 786 773 haec
816 703 987 776 mala
1016 726 1151 775 non
1178 703 1633 795 impediendo
1613 728 1684 774 m
1705 702 2187 796 particularibus
2211 702 2339 775 mi-

332 814 661 901 sericordia
694 817 899 905 major
921 836 996 883 ae
1025 813 1273 881 bonitas
1313 814 1766 897 universalitati
1804 811 2148 885 hominum
2180 833 2340 880 con·-

330 923 553 1012 tingat.
574 919 778 990 -Unde
806 921 1010 1013 potuit
1042 918 1216 988 Deus
1244 919 1407 988 velle
1430 971 1447 998 ,
1483 926 1557 989 ut
1593 921 1890 989 homines
1923 942 2043 1012 per
2074 926 2340 990 conatus

330 1024 614 1121 proprios
653 1033 716 1097 et
755 1027 988 1097 liberos
1047 1026 1506 1095 beatitudinem
1559 1033 1975 1119 assequantur
1994 1077 2012 1105 ‚
2063 1029 2211 1117 quia
2249 1028 2338 1100 sic

330 1137 536 1225 majus
579 1135 828 1203 bonum
873 1141 1008 1213 est,
1062 1135 1211 1203 licet
1253 1134 1613 1225 praeviderit
1653 1135 1894 1203 multos
1929 1157 2064 1205 esse
2092 1137 2340 1227 peritu-

288 1232 295 1253 “
329 1262 472 1321 ros;
521 1242 588 1309 2⁰
619 1240 791 1308 Deus
834 1265 909 1308 ex
949 1264 1012 1308 se
1058 1262 1301 1332 pronus
1330 1246 1423 1308 est
1466 1241 1550 1309 ad
1592 1241 1990 1332 parcendum
2031 1242 2342 1333 peccatori
2437 1241 2441 1245 ’

329 1353 520 1420 etiam
560 1354 838 1420 maximo
863 1405 879 1429 ,
903 1358 983 1419 et
1008 1351 1451 1420 misericordiae
1481 1357 1575 1420 est
1597 1403 1613 1429 ,
1656 1356 1964 1442 aliquibus
1986 1374 2104 1442 per
2134 1353 2345 1421 media

330 1462 603 1529 efficacia
647 1461 724 1527 ad
768 1461 1207 1551 poenitentiam
1253 1459 1529 1528 reductis
1573 1481 1795 1550 reapse
1835 1482 2097 1550 parcere
2126 1512 2141 1539 ‚
2195 1460 2345 1528 licet

330 1592 465 1637 non
501 1573 790 1636 teneatur
835 1568 977 1634 hoec
1021 1565 1232 1634 media
1278 1564 1429 1633 dare
1482 1566 1604 1633 ulli
1638 1568 1707 1634 in
1757 1569 2165 1657 particulari;
2212 1571 2343 1637 imo

330 1676 453 1744 nisi
482 1676 772 1743 sanctitas
803 1680 865 1742 et
894 1674 1199 1765 sapientia
1226 1678 1550 1752 vetarent,
1584 1676 1651 1742 vi
1680 1675 2124 1744 misericordiae
2147 1677 2340 1746 solius

330 1787 591 1857 seorsim
617 1787 904 1875 spectatae
935 1804 1160 1851 omnes
1190 1782 1610 1850 salvarentur.

417 1930 652 2002 Dmuur
677 1954 700 1997 .·
737 1930 805 1998 1⁰
842 1928 912 1998 Si
955 1926 1128 1997 Deus
1170 1930 1248 1997 sit
1289 1928 1646 1997 misericors
1668 1981 1685 2008 ,
1736 1951 1871 1999 non
1918 1928 2292 2024 intelligitur
2318 1983 2336 2012 ,

329 2063 446 2108 cur
474 2038 648 2107 Deus
695 2037 876 2105 hunc
924 2035 1218 2105 ordinem
1244 2036 1549 2127 elegerit,
1591 2039 1663 2105 in
1709 2058 1837 2129 quo
1888 2043 1981 2107 tot
2028 2045 2340 2130 pereunt:

329 2169 484 2237 ergo
513 2168 648 2215 non
678 2151 773 2213 est
801 2144 1179 2213 misericors,

331 2301 336 2307 ·
415 2275 498 2345 R.
541 2277 630 2345 N.
676 2276 829 2344 Ant.
871 2272 1042 2343 Ordo
1082 2273 1257 2341 enim
1291 2273 1404 2340 iste
1435 2272 1576 2340 talis
1606 2278 1725 2351 est,
1768 2279 1841 2341 ut
1877 2295 2137 2344 summa
2163 2278 2237 2346 in
2266 2300 2345 2348 eo

244 2367 250 2374 ’
325 2370 575 2453 eluceat
603 2382 930 2476 sapientia,
976 2380 1213 2472 justitia
1236 2434 1251 2459 ,
1294 2377 1587 2449 sanctitas
1613 2431 1632 2459 ,
1680 2378 1928 2450 bonitas
1963 2403 2038 2450 ac
2085 2382 2346 2452 miseri-

325 2479 543 2561 cordia
560 2542 580 2571 ,
616 2491 745 2580 qua
774 2511 907 2558 non
937 2489 1146 2557 solum
1181 2488 1369 2557 multi
1403 2494 1762 2580 peccatores
1793 2488 1876 2556 ad
1906 2491 2346 2580 poenitentiam

327 2597 729 2666 reducuntur
750 2648 771 2677 ‚
840 2596 1030 2664 multi
1071 2595 1229 2685 justi·
1274 2618 1313 2663 a
1360 2600 1619 2686 peccato
1673 2602 2139 2686 praeservantur
2163 2651 2180 2677 ‚
2236 2599 2347 2669 sed

325 2728 527 2772 omnes
573 2703 859 2771 obtinent
891 2704 1119 2792 gratias
1164 2725 1310 2770 vere
1342 2704 1723 2770 sufficientes
1762 2707 1890 2771 sive
1938 2705 2020 2771 ad
2066 2726 2133 2775 se
2175 2729 2346 2798 prae-

284 2801 289 2804 ¹
328 2811 674 2880 servandos
706 2832 747 2877 a
775 2816 1031 2900 peccato
1058 2861 1076 2886 ,
1129 2810 1258 2876 sive
1290 2810 1367 2875 ad
1399 2808 1900 2899 resipiscendum
1928 2817 2069 2901 post
2109 2835 2346 2902 pecca.-

330 2924 472 2986 tum
497 2945 515 2999 ;
553 2940 707 3008 ergo
733 2918 848 2984 iste
875 2915 1031 2984 ordo
1059 2921 1152 2983 est
1180 2914 1368 2992 ordo,
1415 2915 1486 2980 in
1514 2936 1642 3003 quo
1681 2912 1855 2982 Deus
1883 2937 2065 2983 suam
2095 2917 2348 2989 bonita-

330 3032 464 3095 tem
500 3034 564 3093 et
595 3023 1094 3105 misericordiam
1125 3044 1412 3091 exercerc
1445 3026 1686 3111 potest,
1719 3023 1853 3090 'etsi
1882 3023 2073 3091 modo
2115 3026 2293 3096 finito
2324 3057 2340 3109 ς

328 3131 552 3200 nullus
595 3137 810 3199 autem
850 3130 1004 3203 ordo
1053 3134 1187 3209 est,
1238 3129 1310 3196 in
1345 3149 1473 3217 quo
1512 3128 1760 3210 infinito
1802 3129 1995 3197 modo
2024 3130 2217 3199 relate
2241 3149 2242 3154 ’
2265 3134 2345 3203 ad

328 3242 684 3310 terminum
721 3262 906 3309 suam
939 3237 1288 3305 bonitatem
1327 3232 1500 3303 Deus
1545 3231 1946 3304 manifestare
1998 3238 2294 3327 potuisset
2322 3268 2341 3321 ;

329 3371 487 3441 ergo
510 3372 662 3417 eum
694 3346 949 3415 nonnisi
976 3345 1137 3412 finiti
1167 3343 1342 3414 modi
1366 3343 1685 3434 possibiles
1712 3344 1869 3423 sint,
1901 3343 2073 3412 Deus
2094 3397 2109 3423 ,
2150 3366 2343 3435 quem

330 3460 500 3530 inter
534 3457 675 3528 illos
703 3456 931 3545 eligat,
976 3451 1138 3519 liber
1169 3458 1261 3521 est
1279 3504 1298 3532 ,
1341 3451 1622 3541 adeoque
1652 3452 1854 3541 potuit
1883 3457 1944 3519 et
1971 3451 2151 3521 hunc
2177 3474 2346 3544 prae·

331 3570 579 3637 sentem
617 3562 910 3632 ordinem
950 3558 1182 3651 eligere
1205 3611 1223 3641 ,
1267 3560 1457 3651 elegit
1509 3564 1724 3628 autem
1750 3609 1770 3640 ,
1816 3564 1889 3627 ut
1933 3580 2116 3629 suam
2157 3583 2343 3633 exer-

335 3679 507 3747 ccret
533 3672 914 3741 libertatem.

360 3798 697 3880 Dicam-3
744 3800 813 3869 2·
845 3797 975 3868 Cur
1013 3821 1120 3891 er1³
1086 3820 1164 3867 <ro
1197 3798 1362 3869 inter
1393 3781 1688 3872 cadentes
1730 3797 1901 3871 Deus
1931 3802 2174 3896 aliquos
2201 3802 2340 3874 ele-

455 3907 730 3978 manos·
711 3930 781 3981 m
814 3914 1074 4000 peccato
1106 3904 1404 4003 relinquit
1424 3912 1460 3979 ‘t
