2988 4832
1519 467 1645 539 132

578 598 685 685 gat
715 616 792 663 ex
821 595 1222 686 qualitatibus
1261 598 1539 686 partium
1566 599 1696 664 toto
1723 580 1956 686 genere
1977 616 2018 665 a
2043 616 2110 664 se
2136 581 2397 693 diversis
2426 593 2582 664 tuti

574 721 615 768 a
641 707 821 770 motu
839 753 858 781 ‚
901 703 1109 794 figura
1131 754 1147 781 ‚
1179 702 1285 772 vel
1310 703 1435 772 alia
1466 702 1660 772 simili
1683 701 1982 795 qualitate
2007 701 2311 772 materiae.

661 832 819 899 Inst.
858 832 928 899 2·
957 831 1169 901 Potest
1187 854 1266 902 ex
1284 832 1813 925 non-compositis
1838 831 1992 903 oriri
2020 831 2439 922 compositum
2454 880 2477 910 ‚
2504 852 2583 901 ex

571 939 1013 1007 non-extensis
1043 945 1372 1008 extensum
1392 991 1408 1018 ,
1436 961 1515 1009 ex
1539 939 2006 1010 non-rotundis
2042 937 2392 1023 rotundum
2424 942 2578 1018 etc.;

571 1065 725 1139 ergo
760 1045 949 1114 etiam
981 1068 1060 1114 ex
1086 1047 1685 1137 non-cogitantibus
1705 1047 2014 1139 cogitans·
2592 1038 2595 1045 ¹

591 1260 592 1265 ἵ
657 1165 865 1238 mo.
914 1169 1068 1241 Ant.
1114 1171 1205 1239 N.
1265 1172 1443 1240 cons.
1493 1170 1664 1240 Nam
1707 1171 1858 1240 licet
1898 1193 2015 1241 ens
2059 1169 2326 1261 simplex
2372 1191 2583 1260 neque

569 1262 1015 1366 compositum.
1064 1298 1274 1367 neque
1304 1282 1638 1347 extensum
1677 1279 1775 1358 sit,
1818 1284 2155 1346 esttamen
2193 1296 2584 1367 componens

568 1388 632 1450 et
687 1388 1018 1473 propterea
1065 1384 1319 1453 initium
1375 1386 1703 1476 compositi
1749 1383 1830 1452 et
1864 1384 2147 1464 extensi;
2211 1405 2363 1452 cum
2422 1384 2583 1454 ideae

531 1492 532 1499 ’
568 1491 896 1579 compositi
969 1496 1033 1560 et
1082 1491 1321 1560 extensi
1365 1491 1793 1581 pluralitatem
1846 1489 2151 1586 duntaxat
2203 1488 2576 1569 involvant3

568 1594 1116 1687 quemadmodum
1146 1598 1379 1677 unitaS,
1412 1598 1527 1666 etsi
1554 1618 1863 1665 numerus
1885 1618 2020 1665 non
2053 1596 2156 1674 sit,
2182 1616 2336 1664 cum
2363 1600 2583 1663 tamen

567 1704 830 1771 numeri
863 1704 1118 1772 initium
1164 1705 1280 1784 sit,
1327 1710 1531 1795 potest
1573 1726 1724 1773 cum
1757 1703 2048 1795 pluribus
2076 1704 2270 1772 simul
2307 1703 2584 1773 collectis

566 1830 916 1878 numerum
960 1812 1362 1893 constituere.
1410 1814 1592 1901 cujus
1629 1812 1771 1880 idea
1809 1811 2040 1902 pariter
2070 1811 2244 1880 aliud
2269 1832 2404 1881 non
2431 1832 2583 1879 con-

566 1919 754 1994 tinet,
803 1939 999 2008 quam
1036 1919 1354 1986 unitatum
1382 1917 1830 2009 pluralitatem.
1866 1917 2031 1988 Sunt
2057 1940 2210 2010 ergo
2246 1917 2584 2011 praedicata

564 2025 805 2093 extensi
833 2029 896 2093 et
925 2027 1253 2117 compositi
1280 2030 1538 2095 externa
1573 2026 1855 2119 partibus
1884 2031 1947 2093 et
1972 2026 2229 2095 relativa
2261 2025 2345 2094 ad
2374 2026 2581 2093 notio-

565 2154 721 2202 nem
756 2134 1104 2226 aggregati.
1150 2132 1387 2202 Contra
1419 2135 1709 2225 cogitatio
1742 2139 1835 2202 est
1871 2135 2159 2201 internus
2196 2133 2358 2200 entis
2394 2132 2581 2223 cogi-

565 2239 756 2307 tantis
800 2238 1054 2319 modus,
1106 2241 1218 2330 qui
1269 2241 1476 2309 solum
1518 2262 1561 2310 a
1600 2242 1668 2310 vi
1708 2241 1829 2331 ipsi
1869 2241 2122 2309 interna
2149 2239 2311 2308 effici
2350 2243 2574 2330 potest.

563 2345 751 2418 Unde
784 2347 836 2415 si
870 2346 1042 2438 quod
1080 2368 1197 2416 ens
1239 2347 1560 2441 cogitandi
1596 2349 1861 2441 incapax
1894 2348 1993 2427 sit,
2034 2347 2172 2415 haec
2199 2344 2576 2437 incapacitas

562 2458 753 2525 etiam
792 2458 863 2525 in
911 2456 1279 2526 collectione
1322 2456 1611 2547 plurium
1653 2458 1881 2526 talium
1921 2462 2299 2547 perseverat,
2335 2454 2434 2520 uti
2459 2471 2576 2519 ens

564 2566 942 2653 contingens
972 2567 1164 2634 etiam
1193 2565 1264 2631 in
1294 2564 1660 2633 collectione
1692 2584 1827 2633 non
1860 2563 1931 2630 fit
1967 2584 2082 2630 ens
2121 2561 2566 2629 necessarium.

563 2667 935 2740 Rotunditas
969 2673 1120 2739 item
1149 2676 1212 2738 et
1252 2670 1559 2770 quaelibet
1577 2672 1699 2740 alia
1726 2671 1934 2761 figura
1963 2674 2057 2739 est
2085 2670 2275 2736 etiam
2311 2664 2573 2753 qualitas

559 2777 818 2845 relativa
848 2800 1160 2870 exurgens
1189 2800 1267 2847 ex
1297 2780 1467 2848 certa
1493 2780 1798 2871 positione
1827 2779 2137 2871 partium.

647 2900 817 2971 OBJ.
880 2902 974 2973 30,
1006 2904 1244 2977 Anima
1294 2903 1413 2974 sihi
1466 2909 1875 2996 repraesentat
1921 2906 2219 2981 extensa3
2278 2918 2430 2989 crgo
2474 2901 2603 2966 est.

560 3014 839 3078 extensa.

647 3146 729 3217 R.
788 3148 852 3215 1⁰
901 3150 1337 3233 Retorquendo.
1392 3146 1633 3216 Amma
1686 3146 1959 3237 concipit
2008 3164 2113 3213 res
2164 3142 2521 3211 inextensas
2538 3185 2561 3214 ·

556 3252 790 3332 Deum,
826 3255 1174 3342 veritatem,
1207 3255 1516 3322 unitatem
1548 3259 1700 3335 etc.;
1733 3274 1887 3343 ergo
1907 3251 2232 3321 inextensa
2251 3254 2366 3317 est.

644 3387 725 3459 R.
776 3388 844 3457 2·
894 3391 968 3458 C.
1016 3390 1168 3458 Ant.
1217 3390 1307 3458 N.
1365 3389 1547 3456 Cons.
1595 3385 1756 3467 Quia
1796 3385 1850 3454 si
1885 3375 2114 3453 anima
2144 3385 2396 3448 extensa
2435 3397 2568 3445 esse
2626 3392 2642 3401 ·

556 3493 761 3574 debet,
800 3501 870 3564 ut
894 3495 1012 3564 sibi
1035 3517 1136 3564 res
1166 3501 1447 3563 extensas
1474 3477 1900 3583 repraesentet,
1934 3494 2108 3557 tanta
2134 3489 2268 3577 ejus
2291 3484 2567 3553 extensio

555 3624 688 3672 csse
720 3601 925 3680 dehet,
960 3607 1197 3696 quanta
1226 3607 1318 3671 cst
1344 3601 1621 3671 extensio
1649 3597 1876 3688 objecti
1900 3594 2347 3687 repraesentati,
2383 3590 2568 3658 adeo-

552 3733 703 3805 que,
749 3732 903 3779 cum
946 3711 1161 3779 anima
1206 3710 1325 3779 sibi
1370 3711 1773 3799 repraesentet
1813 3703 1959 3774 coeli
2004 3699 2522 3792 hemisphaerium
2540 3747 2558 3772 ‚

553 3822 688 3912 ejus
736 3820 1010 3891 extensio
1052 3820 1481 3889 extensionem
1526 3814 1955 3905 hemisphaerii
1995 3831 2244 3905 aequare
2281 3806 2557 3887 deberet.

554 3951 682 4020 quo
708 3930 862 4020 quid
889 3928 1219 3999 absurdius
1245 3928 1369 3998 dici
1396 3928 1651 4034 potest?
