2988 4832
624 561 819 632 unitis
848 561 933 654 (1)
965 587 983 631 ε
1012 579 1249 652 nempe
1284 582 1363 628 ex
1394 567 1728 632 sensatione
1759 561 1915 631 evitis
1940 557 2089 630 talis
2116 548 2179 629 et
2207 545 2287 628 ie
2319 555 2458 630 idea
2485 546 2642 634 ebitis

627 673 718 739 vel
743 684 839 737 τοῦ
861 666 980 739 esse
1000 669 1379 760 simpliciter.
1407 667 1555 737 Idea
1581 669 1744 739 entis
1773 668 1882 740 vel
1902 684 2000 739 τοῦ
2024 691 2144 736 esse
2169 671 2526 759 simpliciter
2547 679 2641 741 est:

617 792 885 861 norma.
914 779 1197 872 quacum
1234 782 1562 870 comparat
1588 779 1651 846 et
1676 778 1856 868 juxta
1885 797 2083 867 quam
2114 775 2413 866 dijudicat
2442 776 2641 847 intel-
2682 815 2710 843 8³

553 905 559 909 ·
625 887 826 958 lectus
852 909 1046 958 omne
1078 888 1166 967 id,
1210 885 1382 978 quod
1417 908 1535 977 per
1568 904 1788 954 sensus
1806 888 2323 975 repraesentatur,
2365 889 2431 953 et
2456 886 2647 956 inve·-
2678 938 2681 943 .

628 1000 815 1069 niens
841 984 916 1066 in
942 1017 1020 1066 co
1056 995 1566 1065 conformitatem
1592 992 1874 1083 aliquam
1901 996 1966 1060 et
1992 989 2475 1061 similitudinem
2491 1015 2649 1064 cum
2692 991 2697 993 Α
2769 1030 2773 1035 ·

629 1104 860 1173 norma
883 1102 1100 1172 omnis
1135 1125 1275 1180 esse,
1327 1099 1492 1168 illud
1533 1098 1808 1168 affirmat
1842 1103 1915 1165 ut
1954 1122 2070 1165 esse
2104 1102 2245 1178 tale,
2277 1100 2324 1169 i.
2351 1123 2413 1171 e.
2442 1107 2518 1169 ut
2539 1125 2641 1168 ens

626 1214 818 1279 talem
840 1230 999 1281 cum
1019 1209 1253 1279 norma
1273 1208 1754 1296 conformitatem
1775 1227 1879 1274 seu
1897 1207 2365 1274 similitudinem
2385 1208 2641 1288 habena
2665 1157 2708 1316 ξ’
2768 1220 2793 1259 ⁸

628 1323 815 1409 atque
845 1318 934 1390 ita
970 1317 1184 1387 ideam
1222 1333 1316 1384 τοῦ
1355 1339 1474 1383 esse
1511 1315 1872 1405 simpliciter
1892 1335 2056 1383 rcum
2094 1314 2450 1385 sensatione
2486 1319 2642 1384 entis

627 1430 776 1496 talis
840 1427 961 1498 sub
1028 1424 1166 1494 una
1223 1419 1610 1493 conscientia
1661 1421 2090 1513 complectens
2145 1423 2378 1491 format
2433 1423 2643 1493 ideam

626 1536 1009 1614 sensualem,
1058 1532 1145 1628 (2)
1184 1527 1498 1626 tanquam
1540 1535 1923 1623 conceptum
1960 1535 2026 1598 et
2054 1526 2376 1621 'judicium
2417 1530 2641 1624 impli-

628 1647 849 1716 citum.
1397 1642 1404 1651 '
2124 1728 2137 1735 „
2634 1734 2635 1737 Ἴ

711 1773 959 1862 ltaque;
985 1775 1063 1840 ut
1089 1768 1173 1842 ad
1199 1790 1479 1862 prunam
1528 1764 1945 1867 quaestionem
1962 1786 1999 1857 5
2025 1764 2308 1838 sciliceta
2357 1767 2637 1861 quomodo

690 1991 759 2058 (1)
790 1991 872 2054 Ut,
894 1992 1015 2057 quid
1032 2007 1124 2057 per
1144 1994 1386 2047 unionem
1410 1993 1626 2046 duorum
1642 1993 2005 2046 elementorum
2036 1990 2327 2058 cognitionis
2359 1991 2418 2046 in
2440 1991 2541 2047 une!
2561 1993 2641 2047 vel

623 2063 713 2113 tub
740 2066 839 2114 und
858 2066 1152 2116 conscientia
1175 2066 1466 2130 intelligam,
1499 2066 1583 2116 hic
1618 2067 1784 2116 statim
1821 2066 1964 2115 initio
1998 2064 2136 2127 justa
2172 2067 2394 2130 capiatur
2444 2068 2642 2131 notitia,

624 2141 960 2194 animadverto
979 2181 994 2208 ‚
1030 2159 1113 2195 me
1134 2156 1223 2207 per
1241 2146 1338 2194 hoc
1359 2144 1496 2195 aliud
1514 2157 1617 2195 non
1637 2147 1784 2209 velle,
1800 2143 1952 2208 qu'am
1970 2158 2078 2211 nos,
2104 2145 2229 2197 dum
2249 2142 2483 2209 implicite
2500 2146 2644 2208 judi·

624 2227 812 2277 camus,
842 2216 1027 2278 aliquid
1048 2229 1150 2266 csse
1166 2230 1253 2266 cns
1272 2217 1370 2266 tale
1392 2250 1411 2279 ‚
1440 2230 1546 2266 non
1564 2217 1745 2266 habere
1764 2216 1971 2267 seorsim
1990 2216 2340 2267 conscientiam
2361 2217 2639 2271 distinctam

621 2286 749 2335 entis
786 2287 1073 2349 simpliciter
1118 2288 1169 2338 et
1201 2288 1406 2338 seorsim
1442 2289 1594 2340 aliam
1627 2288 1975 2339 conscientiam
1998 2289 2124 2337 entis
2145 2288 2256 2337 talis
2278 2322 2296 2350 ‚
2335 2289 2421 2338 sed
2459 2291 2645 2340 utrius·-

623 2367 721 2419 que
755 2357 956 2407 unicam
978 2359 1341 2409 conscientiam.
1366 2358 1660 2410 Distinctam
1691 2361 1829 2409 enim
1863 2359 2145 2409 utriuslibet
2169 2360 2405 2410 elementi
2436 2364 2647 2415 seorsim

620 2430 823 2491 spectati
844 2430 1191 2481 conscientiam
1219 2431 1418 2480 nonnisi
1454 2432 1617 2481 studio
1642 2435 1693 2481 et
1714 2431 1980 2480 reflexione
2011 2430 2233 2482 adhibita
2260 2444 2323 2481 cx
2345 2435 2534 2497 analys'i
2565 2435 2643 2484 ri-

622 2501 799 2562 gorose
843 2501 1132 2565 cognitionis
1169 2503 1379 2564 acquirit
1409 2503 1727 2565 philosophus
1757 2504 1908 2553 solus,
1945 2526 2010 2539 —
2044 2502 2156 2564 Sic,
2212 2505 2270 2552 ut
2289 2507 2512 2568 exemplo
2557 2515 2644 2557 res

620 2570 914 2633 declaretur,
938 2572 1060 2622 dum
1080 2573 1288 2635 legimus
1310 2586 1482 2623 vocem
1506 2574 1725 2636 aliquam
1756 2585 1804 2623 v.
1838 2587 1888 2635 g.
1912 2573 2090 2635 turris,
2117 2587 2220 2623 non
2260 2576 2462 2626 seorsim
2495 2590 2642 2627 cons-
2701 2559 2717 2648 ᾗ

620 2642 852 2693 cientiam
879 2644 1157 2693 distinctam
1179 2643 1417 2692 habemus
1431 2645 1514 2693 vel
1527 2644 1840 2709 sinqularum
1867 2643 2148 2694 litterarum
2170 2647 2221 2694 et
2239 2657 2412 2695 earum
2434 2647 2495 2696 ad
2509 2650 2646 2699 hanc

617 2723 790 2764 vocem
817 2716 1127 2764 formandam
1143 2713 1530 2779 combinatioms
1555 2719 1608 2765 et
1627 2714 1975 2766 conscientiam
1999 2715 2148 2765 aliam
2169 2717 2372 2767 seorsim
2391 2716 2645 2781 signitica-

616 2786 763 2835 tionis
783 2799 873 2836 seu
894 2786 1039 2848 ideoe,
1064 2800 1174 2849 quae
1203 2799 1295 2848 per
1314 2787 1444 2835 hanc
1468 2800 1642 2836 vocem
1662 2790 2061 2849 repraesentatur,
2078 2787 2164 2840 sed
2189 2788 2446 2851 utriusque
2470 2792 2522 2839 ct
2548 2804 2644 2840 vo-

616 2857 691 2907 cis
726 2860 779 2908 et
811 2857 938 2907 idece
973 2871 1128 2908 unam
1159 2857 1510 2908 conscientiam
1542 2858 1784 2908 habemus
1814 2858 1882 2906 ita
1905 2893 1923 2920 ,
1964 2860 2023 2907 ut
2047 2859 2327 2909 distinctam
2359 2860 2648 2913 utriuslibet

616 2930 820 2979 seorsim
843 2927 1044 2991 spectati
1075 2929 1430 2980 conscientiam
1452 2930 1615 2978 solum
1635 2942 1725 2991 per
1745 2930 2067 2979 attentionem
2086 2929 2386 2991 peculiarem
2411 2934 2639 2994 acquira-

616 3016 746 3053 mus.
774 3002 896 3061 Quis
916 3015 1033 3050 vero
1048 3000 1158 3061 ,iam
1178 3012 1260 3049 me
1283 3003 1536 3063 argueret,
1558 3000 1601 3049 si
1632 3001 1850 3049 dicerem
1873 3035 1888 3062 ‚
1910 3013 2013 3062 me,
2043 3000 2164 3050 dum
2187 3002 2298 3063 lego
2318 3014 2490 3053 vocem
2525 3006 2650 3054 ture

618 3075 713 3136 ris,
734 3073 984 3135 duplicem
1003 3073 1205 3134 quidem
1236 3072 1421 3121 habere
1445 3072 1699 3121 notionem
1716 3102 1735 3131 ‚
1782 3069 1966 3119 scilicet
1999 3072 2132 3121 vocis
2154 3072 2305 3133 ipsius
2324 3075 2374 3122 ct
2393 3074 2518 3124 ideoe
2546 3088 2647 3137 pet·

590 3147 728 3195 'eam
757 3146 1132 3207 rcpraesentatae,
1170 3145 1244 3193 ast
1263 3145 1458 3193 uaricum
1481 3142 1804 3206 coqnitionsm
1838 3153 1926 3189 seu
1945 3143 2144 3191 unicum
2169 3146 2446 3207 conceptum
2467 3179 2483 3204 ‚
2516 3146 2647 3202 quia

614 3221 877 3279 utramque
898 3215 1039 3264 illam
1062 3215 1317 3264 notionem
1335 3213 1426 3263 sub
1449 3214 1550 3263 unct
1571 3214 1648 3261 vel
1680 3212 1733 3261 in
1753 3208 1852 3258 und
1870 3212 2162 3263 conscientia
2179 3214 2426 3278 conjungo
2439 3213 2464 3265 ⁸?
2483 3215 2644 3277 Atqml

615 3288 749 3338 idem
770 3299 966 3349 prorsus
988 3285 1209 3349 intelligo
1230 3321 1248 3347 ‚
1284 3285 1406 3334 dum
1425 3284 1555 3344 dico,
1594 3281 1758 3333 ideam
1781 3283 1860 3333 τοῦ
1880 3296 1985 3333 esse
2002 3284 2298 3349 simpliciter
2323 3288 2374 3335 et
2394 3288 2641 3337 sensatio-

614 3374 728 3409 nem
759 3358 887 3407 entis
907 3357 1027 3405 talis
1049 3356 1142 3404 sub
1173 3354 1277 3405 una
1291 3354 1599 3405 conscientia
1621 3355 1831 3417 concipi.
1863 3354 2008 3407 Entia
2036 3356 2178 3405 enim
2208 3354 2330 3405 talia
2355 3359 2470 3405 sunt
2495 3354 2665 3420 quasi,

616 3431 796 3480 litteroe
818 3433 870 3478 et
887 3441 1046 3491 voce-r,
1066 3438 1176 3489 quae
1195 3428 1552 3489 repraesentant
1570 3426 1710 3477 ideas·
1728 3433 1809 3479 vett
1829 3442 1930 3480 esse
1946 3461 1963 3491 ,
2007 3429 2133 3489 veri,
2153 3426 2292 3491 Justi,
2315 3430 2507 3491 pulchri
2537 3435 2651 3490 etue

616 3506 763 3568 atque
784 3500 901 3550 hinc
923 3500 999 3560 nt,
1031 3502 1120 3561 ut,
1156 3498 1579 3561 quemadmodum
1600 3512 1692 3551 vox
1711 3503 1871 3552 turris
1889 3502 1995 3551 sine
2015 3501 2213 3550 notione
2238 3499 2365 3551 ἰάσω
2386 3515 2473 3564 per
2495 3502 2644 3557 illam

618 3574 975 3633 rcpraescntatae
1007 3572 1200 3621 nullam
1239 3571 1562 3635 coquitionem
1585 3572 1835 3636 efficeret,
1862 3573 1934 3625 ita
1969 3573 2102 3623 entia
2123 3571 2250 3622 talia
2287 3573 2395 3623 sine
2432 3574 2646 3626 notione

613 3641 871 3703 idearum,
895 3655 1016 3705 quas
1036 3642 1123 3691 illa
1141 3644 1511 3706 repraesentant,
1542 3644 1865 3695 sens-ationem
1885 3644 2107 3708 quidem.
2127 3644 2329 3707 qualem
2349 3644 2500 3696 etiam
2520 3645 2645 3696 bes·

615 3712 699 3764 tiae
718 3714 923 3775 habent,
952 3717 1028 3763 ast
1058 3715 1251 3764 nullam
1270 3713 1594 3777 coquitionem
1617 3716 1814 3779 proprie
1842 3717 2024 3767 dictam
2044 3728 2218 3781 parere
2240 3716 2440 3780 possint.

614 3803 743 3924 affl)
775 3804 904 3926 vid?
918 3804 1100 3927 {gem-h.
1124 3804 1270 3874 Emp.
1300 3804 1431 3866 5εοῖ.
1457 3804 1523 3872 11.
1549 3804 1669 3880 Cap.
1697 3810 1724 3857 1
1748 3811 1799 3859 et
1818 3808 1936 3873 Cap.
1961 3812 2010 3861 2.
2043 3809 2155 3886 Art.
2177 3812 2227 3863 1.
2256 3807 2405 3862 Nota.
2426 3808 2546 3880 Peg.
2570 3810 2639 3861 21

682 3887 817 3939 seqq.
840 3889 869 3927 e
986 3911 1001 3929 .
