2988 4832
331 648 636 712 creaturoe
666 643 900 707 multas
938 637 1176 707 nabent
1202 537 1730 729 &gi-rectiones,
1764 642 1827 706 et
1853 639 1991 709 alim
2020 640 2157 711 aliis
2193 648 2340 713 suut

327 750 832 843 praestantiores3
871 769 1139 839 erg0....

414 915 497 988 R.
547 917 632 987 D.
680 918 950 1006 primam
985 926 1157 1004 part.
1209 915 1372 1002 Maj.
1413 910 1620 982 Debet
1653 934 1867 985 amare
1903 915 2226 1008 {equaliter
2264 942 2344 985 ex

320 1039 500 1116 parte
531 1033 700 1093 actas
726 1048 852 1093 suoe
878 1024 1250 1101 voluntati35
1289 1023 1439 1113 quia
1471 1028 1643 1091 amat
1672 1025 1891 1093 omnia
1918 1048 2053 1096 uno
2087 1025 2345 1118 simpli-

325 1144 512 1233 cique
535 1147 707 1220 actu,
742 1143 816 1210 C.
846 1142 1011 1227 Maj.
1039 1142 1152 1206 Ex
1166 1151 1346 1228 parte
1370 1140 1532 1218 boni,
1564 1139 1738 1229 quod
1761 1140 2026 1221 confert,
2052 1143 2143 1211 Ν.
2172 1145 2339 1228 Maj.

326 1249 504 1319 Deus
533 1250 793 1341 quidem
836 1254 1008 1316 amat
1048 1269 1153 1316 res
1194 1269 1418 1316 omnes
1458 1252 1697 1317 creatas
1726 1275 1743 1317 ε
1772 1268 1989 1318 amare
2030 1252 2209 1319 enim
2249 1254 2346 1318 est

327 1359 491 1427 velle
544 1358 794 1426 bonum
844 1356 1032 1424 alicui
1061 1381 1077 1422 ε
1112 1355 1285 1445 atqui
1333 1353 1508 1423 Deus
1557 1355 1697 1423 vult
1741 1354 1986 1424 bonum
2037 1356 2343 1425 omnibus

323 1466 521 1534 rebus
554 1465 796 1542 creatiS,
827 1463 1139 1554 siquidem
1168 1461 1272 1532 hae
1299 1468 1363 1530 et
1386 1485 1520 1532 esse
1550 1468 1614 1530 et
1641 1462 1889 1530 bonum
1920 1464 2346 1554 quodcunque

327 1573 399 1640 in
430 1577 684 1641 tantum
713 1572 924 1640 solum
958 1570 1217 1648 hahent,
1253 1570 1324 1637 in
1355 1577 1671 1662 quantum
1700 1575 1793 1638 est
1818 1570 2087 1639 volitum
2102 1593 2154 1651 ‚a
2175 1570 2344 1641 Deo,

325 1680 443 1747 Ast
463 1704 589 1747 non
616 1682 779 1746 debet
821 1678 994 1748 Deus
1024 1701 1129 1748 res
1165 1699 1390 1747 omnes
1419 1679 1733 1767 ‹equaliter
1759 1700 2002 1748 amare.
2034 1676 2203 1748 Nam
2246 1680 2350 1749 si·-

324 1790 455 1857 cuti
481 1788 645 1858 liber
682 1793 775 1855 est
802 1787 883 1854 ad
913 1792 1088 1853 extra
1113 1785 1194 1854 ad
1226 1784 1578 1854 volendum
1606 1807 1738 1854 esse
1770 1792 2207 1857 creaturarum
2230 1807 2345 1856 seu

323 1899 404 1966 ad
436 1896 806 1973 creandum,
845 1895 930 1962 ita
958 1894 1127 1962 etad
1157 1894 1507 1965 creandum
1529 1917 1682 1965 cum
1706 1893 1833 1965 hoc
1860 1894 1968 1965 vel
1999 1894 2111 1964 illo
2139 1897 2348 1987 gradu

326 2005 792 2098 perfectionum
826 2001 937 2094 (1).
969 2000 1137 2071 Dein

415 2169 501 2237 N.
535 2168 728 2256 Supp.
776 2164 900 2235 2⁸²·
925 2179 1096 2256 part.
1141 2164 1454 2260 Supponit
1487 2168 1665 2235 enim
1699 2166 1910 2236 Deum
1956 2168 2195 2259 aliquid
2242 2172 2348 2235 de-

185 2335 190 2339 .
325 2276 457 2342 bere
483 2275 627 2343 suis
670 2274 973 2343 creaturis
1007 2299 1024 2342 ε
1059 2275 1235 2363 atqui
1278 2276 1441 2341 nihil
1485 2276 1669 2342 debet.
1720 2273 1890 2342 Nam
1940 2282 2109 2344 certe
2158 2275 2350 2346 rebus

324 2404 461 2452 non
502 2380 912 2451 existentibus
939 2379 1114 2450 Deus
1154 2380 1315 2450 nihil
1354 2380 1577 2463 debet3
1621 2402 1774 2473 ergo
1803 2388 1867 2450 et
1893 2383 2214 2452 existentia
2228 2434 2248 2461 ‚
2289 2388 2353 2453 et

323 2490 504 2571 hinc,
540 2489 853 2582 quidquid
881 2490 1219 2559 existentiae
1242 2488 1706 2581 superadditur,
1735 2491 2083 2580 gratuitum
2103 2490 2353 2561 donum

323 2606 441 2677 est,
476 2597 759 2688 adeoque
784 2595 959 2667 Deus
988 2619 1106 2689 pro
1140 2597 1343 2666 libera
1379 2599 1501 2666 sua
1529 2598 1853 2667 voluntate
1882 2597 2051 2667 dona
2078 2620 2193 2670 sua
2218 2599 2354 2668 aliis

324 2706 535 2799 plura,
577 2707 713 2774 aliis
739 2708 1037 2797 pauciora
1059 2705 1334 2775 tribuere
1364 2711 1586 2797 potest.
1619 2704 1702 2773 Et
1728 2728 1882 2775 vero
1905 2707 1958 2774 si
1989 2705 2162 2777 Deus
2182 2729 2355 2777 crea·-

330 2813 489 2882 turis
530 2812 786 2881 deberet
825 2814 1117 2883 conferre
1160 2834 1353 2882 omne
1393 2812 1479 2889 id,
1526 2812 1700 2901 quod
1737 2819 2002 2904 possunt
2039 2815 2346 2907 recipere,

325 2921 622 3014 inprimis
657 2921 1045 3014 dependeret
1080 2942 1122 2988 a
1158 2919 1481 2996 creaturis,
1524 2925 1587 2987 et
1614 2918 1763 2987 dein
1804 2922 2050 3009 majora
2086 2921 2158 2989 in
2195 2923 2355 2990 infi-

323 3030 544 3100 nitum
569 3030 744 3099 bona
774 3030 1052 3100 tribuere
1079 3027 1357 3105 deberet,
1398 3027 1571 3117 quod
1598 3033 1933 3118 repugnat,
1958 3027 2256 3117 inprimis
2276 3052 2358 3095 em

323 3149 508 3230 parte
537 3139 678 3217 Dei,
714 3139 826 3228 qui
865 3139 919 3206 si
957 3136 1042 3206 ad
1081 3137 1400 3226 optimum
1436 3141 1746 3212 teneatur,
1784 3133 1948 3204 liber
1979 3155 2112 3202 esse
2142 3155 2357 3203 cessa-

328 3251 431 3315 ret
455 3272 473 3324 ς
507 3244 657 3314 dein
700 3269 780 3312 ex
806 3258 986 3335 parte
1015 3256 1461 3320 creaturarum,
1499 3247 1714 3334 utpote
1743 3264 1889 3333 quae
1919 3263 2258 3332 nunquam
2286 3243 2358 3310 in

327 3358 512 3422 tanto
553 3352 756 3444 gradu
804 3354 1203 3444 perfectionis
1236 3372 1348 3418 seu
1380 3350 1686 3418 felicitatis
1724 3370 1858 3417 esse
1890 3353 2185 3440 possunt,
2228 3370 2358 3438 quo

328 3463 544 3553 major
570 3460 882 3552 possibilis
908 3481 1042 3528 non
1076 3459 1177 3527 sit.
1207 3457 1379 3548 Ergo
1406 3458 1502 3525 nil
1528 3461 1719 3526 restat
1745 3455 1901 3534 Dee,
1936 3456 2059 3524 nisi
2079 3460 2152 3523 ut
2176 3477 2357 3524 crea-
2405 3544 2417 3554 ⁸

335 3568 497 3636 turis
518 3567 647 3635 suis
684 3566 1179 3634 determinatum
1225 3565 1506 3655 aliquem
1544 3563 1816 3655 gradum
1856 3563 2256 3655 perfectionis
2295 3567 2359 3632 et

338 3676 642 3745 felicitatis
668 3673 903 3742 tribuat
932 3695 1050 3765 pro
1074 3673 1275 3743 libero
1299 3672 1557 3742 arbitrio
1578 3694 1693 3742 suo
1715 3700 1733 3753 ς
1768 3693 1922 3741 cum
1951 3676 2180 3763 praeter
2202 3671 2359 3768 libe·

401 3907 473 3972 0)
506 3908 720 3964 Cosmol.
751 3909 878 3962 Soet.
904 3912 953 3962 3.
984 3908 1103 3972 Gap.
1126 3912 1147 3959 1
1183 3913 1231 3959 et
1252 3913 1299 3961 2.
1325 3877 1443 3972 pag.
1473 3911 1531 3959 83
1554 3912 1605 3959 et
1624 3921 1760 3971 seqq.
1782 3909 1832 3958 et
1851 3905 1972 3969 Pag-
1998 3909 2061 3957 92
2080 3910 2134 3959 et
2153 3921 2257 3969 seq·
