2988 4832
1652 458 1783 553 192

777 596 886 670 85.
936 596 1301 676 PROP.11.
1352 598 1772 672 Amanum
1797 616 2012 671 ιιιιιιιτιι
2054 620 2174 672 uon
2200 619 2434 673 nrnctr
2461 617 2705 671 Aci-ivr-

689 729 847 777 'um
868 729 1158 778 PROPRIA.

774 850 965 919 Proh.
997 849 1167 919 Nam
1206 852 1423 919 anima
1470 851 1759 920 humana
1807 840 2081 921 efficeret
2106 847 2280 922 ideas
2321 875 2547 925 rerum
2595 854 2708 927 vel

688 962 999 1049 quatenus
1041 981 1116 1026 ex
1160 959 1390 1026 natura
1431 960 1549 1027 sua
1590 957 1672 1028 ad
1714 981 1818 1027 eas
1861 945 2210 1028 necessario
2262 967 2424 1029 esset
2457 961 2703 1030 deter-

689 1066 931 1135 minata
948 1117 965 1144 ,
1003 1065 1109 1134 vel
1133 1071 1323 1156 quate
1334 1088 1463 1134 nus
1487 1087 1597 1134 eas
1619 1066 1755 1161 ipsa
1779 1063 2153 1158 produceret
2176 1067 2351 1161 prius
2371 1090 2505 1138 non
2521 1060 2718 1141 habi-4

674 1185 825 1271 tas:
859 1172 1039 1266 atqui

780 1303 865 1397 a)
903 1306 1134 1375 Anima
1170 1326 1256 1371 ex
1297 1313 1534 1372 natura
1564 1311 1678 1370 sua
1720 1324 1844 1370 non
1876 1315 1965 1370 ese
1997 1303 2093 1379 ,ad
2134 1326 2240 1371 cac
2276 1304 2714 1378 determinata.·

690 1408 862 1481 Nam
888 1410 1180 1503 inprimis
1211 1412 1430 1480 anima
1452 1410 1775 1481 evidenter
1804 1415 1896 1478 est
1917 1433 2032 1479 ens
2059 1411 2317 1481 finitum
2360 1418 2426 1481 et
2461 1415 2710 1483 contin-

694 1538 889 1609 gens:
922 1519 1099 1608 atqui
1117 1525 1434 1611 repugnat
1455 1520 1525 1586 in
1549 1539 1614 1585 se
1638 1569 1654 1596 ‚
1682 1523 1756 1584 ut
1784 1539 1901 1584 ens
1923 1517 2181 1586 finitum
2209 1518 2709 1599 determinatum

692 1624 772 1693 sit
786 1625 1134 1694 necessario
1154 1649 1269 1717 per
1290 1649 1356 1695 se
1380 1634 1538 1696 etex
1557 1628 1786 1696 natura
1802 1626 1919 1695 sua
1938 1626 2067 1694 sive
2089 1627 2174 1694 ad
2197 1629 2420 1700 omnia
2436 1650 2712 1718 cognos-

693 1732 920 1812 cenda,
951 1734 1080 1803 sive
1103 1734 1185 1801 ad
1209 1735 1335 1802 hoc
1358 1737 1586 1827 potius,
1612 1758 1809 1825 quam
1838 1737 1926 1804 ad
1939 1735 2100 1804 illud
2127 1736 2647 1825 cognoscendum
2682 1764 2700 1806 ε

694 1847 758 1908 et
791 1840 1049 1932 quidem
1078 1845 1163 1909 ad
1184 1844 1392 1911 omnia
1426 1846 1872 1933 cognoscendm
1909 1844 2060 1933 quia
2085 1844 2174 1911 sic
2214 1842 2608 1931 adaequatam
2642 1850 2707 1912 et

693 1946 850 2018 hinc
868 1949 1183 2019 infinitam
1203 1950 1412 2020 ideam
1423 1973 1646 2019 rerum
1658 1949 1921 2018 haberet
1945 1951 2062 2017 :ad
2080 1949 2412 2037 hoecpotius
2426 1970 2605 2036 quam
2618 1951 2708 2016 ad

693 2058 812 2124 illa
830 2061 1229 2147 coqnoscenda
1239 2083 1266 2140 ,-
1281 2060 1429 2150 quia
1445 2081 1566 2128 nec
1582 2081 1714 2127 esse
1732 2057 1988 2125 finitum
2010 2056 2247 2131 animae
2271 2055 2462 2145 exigit
2488 2078 2605 2146 per
2636 2078 2707 2126 se

694 2162 821 2233 hoc
848 2165 1055 2257 potius
1079 2218 1097 2242 ‚
1133 2188 1330 2257 quam
1351 2166 1513 2234 illud
1542 2186 1919 2257 cognoscere
1942 2215 1959 2241 ,
1996 2186 2116 2231 nec
2137 2164 2261 2231 hoc
2280 2163 2705 2254 cognoscibile

672 2258 900 2364 'potius
927 2324 945 2351 ,
972 2295 1170 2364 quam
1194 2275 1357 2342 illud
1377 2275 1568 2364 exigit
1594 2260 1710 2365 per
1731 2295 1799 2341 se
1821 2273 2141 2363 cognosci.
2178 2270 2378 2351 Dein,
2409 2270 2583 2360 quod
2606 2276 2704 2340 est

696 2381 1047 2455 necessario
1091 2387 1154 2450 et
1193 2403 1268 2450 ex
1317 2382 1548 2450 natura
1572 2433 1588 2461 ,
1631 2386 1725 2450 est
1766 2402 2018 2472 semper
2065 2385 2130 2448 et
2176 2378 2402 2447 eodem
2448 2378 2643 2447 modo
2677 2400 2700 2447 x

691 2487 872 2579 atqui
890 2489 1108 2557 anima
1135 2510 1257 2559 nec
1281 2512 1535 2581 semper
1554 2490 1807 2558 easdem
1835 2510 1957 2556 nec
1986 2487 2213 2555 eodem
2237 2492 2488 2575 semper
2509 2484 2708 2554 modo

690 2597 866 2667 ideas
884 2597 1118 2676 habet,
1147 2598 1256 2667 sed
1285 2621 1462 2668 nunc
1485 2598 1603 2666 has
1637 2620 1815 2665 nunc
1836 2597 1976 2664 illas
1998 2648 2015 2675 ,
2053 2615 2232 2664 nunc
2258 2595 2490 2663 directe
2522 2607 2707 2664 nunc

693 2708 803 2774 refl
811 2728 923 2775 exc
953 2726 1058 2775 eas
1085 2706 1386 2797 percipit3
1424 2728 1580 2796 ergo
1624 2706 1842 2773 anima
1873 2703 1958 2772 ad
1994 2703 2166 2772 ideas
2204 2723 2340 2772 non
2379 2708 2471 2770 est
2500 2701 2707 2771 deter-

689 2814 938 2883 minata
962 2835 1040 2881 ex
1060 2814 1290 2881 natura
1320 2814 1460 2882 sua.
1508 2813 1637 2882 Sed
1659 2813 1877 2881 anima
1980 2848 1995 2864 κ

672 2973 677 2976 ·
780 2940 839 3032 b)
878 2943 1081 3031 Neque
1106 2943 1441 3031 producere
1466 2953 1660 3031 potest
1684 2942 1854 3008 ideas
1884 2962 2071 3030 prius
2102 2961 2228 3006 non
2258 2938 2521 3004 liabitas.
2575 2934 2702 3002 Per

687 3048 862 3119 ideas
908 3051 1085 3119 enim
1129 3049 1237 3117 hic
1279 3048 1693 3139 intelligimus
1722 3049 2011 3117 notiones
2039 3067 2304 3124 rerum;
2345 3030 2521 3111 unde
2569 3040 2703 3110 ita.
2705 3050 2710 3055 ’

672 3156 817 3227 vel
844 3158 1107 3236 anima,
1145 3156 1516 3248 priusquam
1551 3154 1723 3224 ideas
1765 3176 1984 3225 rerum
2026 3151 2362 3245 producit,
2407 3170 2507 3214 res
2556 3148 2720 3216 istas.

685 3270 824 3357 jam
865 3268 1078 3343 novit,
1121 3267 1216 3332 vel
1243 3287 1368 3333 non
1398 3267 1596 3335 novit.
1631 3265 1709 3332 Si
1732 3268 1876 3351 jam
1910 3262 2127 3339 novit;
2176 3271 2330 3348 ergo
2346 3257 2485 3345 jam
2518 3253 2701 3325 etiam

693 3395 916 3442 earum
950 3371 1119 3442 ideas
1150 3371 1416 3454 habuit;
1455 3369 1770 3463 siquidem
1798 3369 1939 3438 idea
1962 3368 2057 3437 rei
2088 3368 2168 3434 sit
2194 3366 2329 3455 ipsa
2365 3359 2540 3429 notio
2566 3356 2697 3436 rei,
2786 3427 2792 3442 ,

693 3502 846 3570 ergo
868 3479 1038 3549 ideas
1057 3478 1367 3582 complete
1389 3479 1710 3569 sumptas,
1753 3498 1866 3545 seu
1888 3474 2080 3544 simul
2108 3478 2324 3541 actum
2344 3462 2706 3561 percipien-
2829 3571 2834 3581 ¹

690 3590 824 3654 tem
851 3592 914 3654 et
941 3588 1137 3658 simul
1157 3586 1479 3680 obJectum
1501 3590 1874 3679 perceptum
1911 3603 2046 3654 non
2089 3583 2226 3674 ipsa
2267 3578 2582 3672 producit.
2624 3574 2700 3644 So·

693 3825 745 3944 p
734 3814 1007 3945 effcep'tione
1027 3815 1181 3871 nemu
1215 3822 1366 3876 musi
1352 3826 1445 3868 itus
1464 3814 1697 3882 patiuntur
1717 3810 1778 3866 ad
1797 3811 2087 3882 objectivam
2108 3820 2283 3862 eorum
2300 3804 2579 3912 remantem
2601 3803 2693 3856 ut·-

732 3903 746 3937 1
772 3901 848 3940 'en
885 3902 982 3943 um.
2451 3927 2454 3930 .
