2988 4832
290 581 439 636 rum
465 562 827 644 seculotum
845 561 1166 644 haeretiei
1195 570 1267 634 ut
1308 562 1635 642 Marcion,
1667 557 1924 653 Apelles
1957 564 2019 634 et
2041 560 2296 641 Manes:

290 676 350 735 et
395 668 478 738 ab
535 655 659 740 hoc
708 669 1047 740 Manichaei
1090 670 1517 742 adhaeserunt.
1567 669 1820 748 Horum
1861 692 2015 741 vero
2056 668 2305 740 doctu-

290 798 445 848 nam
479 777 936 847 recentioribus
978 777 1371 869 temporibus
1412 777 1652 847 recoxit
1687 775 1945 866 Baylius
1993 776 2078 869 (1)
2118 782 2182 846 et
2230 798 2302 846 ex

286 886 423 977 ipso
448 885 658 955 ultimi
676 871 874 953 seculi
894 886 1227 1009 impietatis
1249 886 1522 979 patroni.
1549 883 1885 955 Docebant
1914 891 2131 953 autem
2160 882 2304 953 Ma-

288 992 555 1071 nichoei,
606 992 734 1061 duo
759 1012 894 1061 esse
928 993 1240 1085 principia
1275 1016 1533 1071 rerum,
1575 1017 1619 1061 a
1639 1016 1700 1060 se
1743 997 1808 1061 et
1852 1003 2118 1072 oeterna,
2156 992 2308 1059 alte

223 1137 233 1147 ·
287 1121 438 1168 rum
475 1122 699 1167 summe
737 1101 983 1181 bonum,
1031 1102 1241 1170 omnis
1273 1101 1457 1182 boni,
1499 1102 1773 1169 alterum
1809 1123 2035 1167 summe
2065 1102 2308 1168 malum

289 1227 498 1275 omnis
525 1207 680 1275 mali
724 1230 1004 1277 causam.
1057 1207 1273 1299 Itaque
1316 1211 1527 1277 unitas
1552 1207 1673 1277 Dei
1709 1214 1772 1275 et
1798 1206 2030 1276 directe
2087 1214 2306 1282 contra

289 1314 699 1403 polytheistas
725 1366 739 1392 ,
776 1319 838 1381 et
862 1315 1164 1385 indirecte
1189 1323 1411 1384 contra
1435 1314 1819 1386 Manichaeos
1844 1314 2313 1410 propugnanda

301 1421 487 1488 nobis
514 1427 639 1501 est;
671 1420 845 1491 unde
873 1422 951 1490 sit
978 1448 996 1490 ι

384 1580 535 1650 121.
567 1539 828 1652 ¹PROP.
876 1578 930 1651 1.
964 1579 1134 1652 Dans
1154 1602 1262 1652 nsi·
1287 1601 1497 1656 umcus
1527 1581 1648 1674 (212.

386 1744 581 1811 Proh.
634 1743 700 1810 1⁰
720 1741 895 1811 Deus
915 1748 1009 1811 est
1032 1765 1148 1811 ens
1167 1743 1413 1811 infinite
1433 1744 1789 1829 perfectum
1816 1746 1840 1811 :⁴
1868 1741 2041 1833 atqui
2065 1763 2186 1812 ens
2210 1733 2314 1811 in-

290 1851 470 1919 finite
488 1852 843 1941 perfectum
865 1857 959 1920 est
987 1853 1257 1920 unicum
1281 1880 1297 1932 ;
1328 1872 1564 1942 erge...
1580 1851 1714 1943 .(3).

381 2012 577 2079 Proh.
627 2013 795 2081 Min.
844 2009 981 2079 Ens
1006 2010 1251 2079 infinite
1276 2010 1637 2102 perfectum
1661 2017 1754 2080 est
1775 2012 1957 2093 illud,
2006 2034 2135 2105 quo
2182 2034 2316 2080 ma-

286 2121 394 2209 jus
431 2119 692 2209 cogitari
719 2122 977 2212 nequit:
1009 2118 1185 2209 atqui
1216 2117 1269 2185 si
1300 2117 1566 2187 haberet
1588 2121 1830 2210 aequale
1858 2173 1873 2199 ,
1910 2126 2110 2213 potest
2138 2122 2316 2212 cogi-

294 2226 417 2295 tari
442 2226 618 2295 aliud
661 2227 775 2296 illo
816 2228 1026 2316 majus
1052 2278 1069 2303 ‚
1106 2223 1279 2314 quod
1309 2244 1544 2315 nempe
1575 2248 1712 2294 non
1738 2227 1967 2296 habeat
2018 2228 2261 2320 aequale
2295 2257 2313 2318 ξ

292 2358 450 2430 ergo
474 2338 528 2405 si
552 2336 748 2405 habet
793 2332 1037 2428 aequele
1118 2352 1257 2402 non
1296 2330 1543 2402 infinite
1585 2334 1945 2431 ¹perfectum
1966 2388 1986 2418 ,
2026 2337 2316 2437 adeoque

291 2467 421 2515 nec
448 2444 623 2516 Deus
653 2451 779 2518 esta

381 2589 469 2660 Et
496 2614 651 2662 vero
699 2611 818 2663 ens
837 2644 857 2674 ,
909 2592 1083 2686 quod
1108 2589 1489 2663 exessentid
1514 2599 1633 2662 sud
1691 2612 2072 2688 supremum
2092 2589 2327 2661 habeat

290 2697 660 2777 dominium
704 2724 896 2795 super
941 2703 1162 2775 omnia
1189 2704 1399 2785 entia3
1446 2724 1602 2783 ens,
1647 2723 1688 2774 a
1729 2724 1859 2797 quo
1889 2705 2015 2770 solo
2052 2703 2273 2779 omnia
2299 2755 2317 2783 ,

167 2840 194 2853 f
292 2818 444 2891 quae
476 2798 750 2869 existunt
772 2806 837 2873 et
886 2822 1181 2892 unquam
1222 2803 1491 2869 extitura
1534 2804 1723 2878 sunt,
1768 2799 2213 2890 dependeant.
2260 2806 2328 2869 et

291 2905 407 2974 eui
450 2907 571 2973 soli
614 2909 925 2998 adaequato
961 2908 1355 2987 existentiam
1401 2928 1587 2976 suern
1619 2904 1892 2974 debeant
1915 2957 1935 2988 ,
1984 2909 2326 3001 perfectius

290 3018 392 3095 eet
423 3012 536 3087 ino
560 3065 578 3099 ,
623 3036 665 3085 a
689 3037 819 3105 quo
857 3015 1080 3093 omnia
1112 3015 1201 3091 ita
1241 3037 1378 3084 non
1432 3011 1763 3105 pendente
1790 3013 1967 3104 atqui
2011 3014 2066 3083 si
2101 3015 2329 3106 plures

289 3126 629 3212 ponuntur
663 3120 769 3191 Dii
784 3173 805 3204 ,
848 3123 1115 3219 quisque
1156 3129 1365 3215 posset
1389 3119 1650 3223 aliquod
1670 3142 1789 3191 ens
1833 3141 2046 3195 creare
2070 3173 2094 3203 ,
2143 3123 2323 3213 quod

290 3228 383 3311 ab
409 3250 485 3305 eo
527 3230 663 3305 solo
684 3282 702 3313 ‚
737 3237 961 3325 utpote
989 3238 1270 3312 creatore
1303 3254 1421 3309 suo
1442 3283 1461 3311 ‚
1489 3229 1763 3323 pendeat
1783 3235 1847 3299 et
1873 3252 2009 3305 non
2031 3229 2118 3303 ab
2139 3230 2327 3309 aliis;

268 3358 457 3474 jergo
488 3338 708 3411 nullus
733 3347 893 3421 esset
929 3364 1046 3413 ens
1062 3394 1081 3427 ,
1126 3341 1302 3436 quod
1346 3363 1518 3415 omne
1560 3365 1680 3410 esse
1709 3344 2152 3421 creaturarum
2180 3337 2326 3409 vir-

364 3562 441 3632 (1)
469 3564 530 3617 D
517 3565 598 3618 icti
597 3579 721 3618 οιιιι.
744 3565 908 3631 crittq.
934 3567 987 3618 et
1006 3566 1294 3634 philosoph.

302 3635 780 3761 &ffilt-l-i-ugounitas
798 3639 883 3697 hic
908 3638 1102 3713 intellig
1071 3644 1216 3692 atur
1229 3642 1383 3706 ,vide
1408 3642 1569 3696 Ontot.
1601 3644 1738 3697 Part.
1771 3641 1816 3695 1.
1837 3641 1956 3707 Cap
1981 3641 2031 3694 4
2066 3636 2189 3709 Pag-
2216 3641 2328 3701 208-

364 3778 441 3845 (8)
472 3780 611 3832 Idem
641 3789 995 3846 argumentum
1013 3787 1213 3855 egregie
1243 3788 1426 3840 evolvit
1454 3789 1767 3840 Tertullianu
1733 3803 1792 3838 us
1823 3790 1994 3841 contre
2016 3774 2335 3849 Marcionem.

289 3851 419 3904 Lib.
446 3853 497 3903 1.
521 3851 640 3916 Cap.
667 3856 694 3902 3
700 3855 832 3908 ..-S
866 3856 1079 3912 Thomas
1102 3861 1299 3928 contra
1333 3859 1476 3922 Gen?
1500 3860 1611 3918 Lib.
1645 3863 1693 3914 1.
1718 3860 1838 3930 Cap.
1866 3859 1969 3926 42„
2003 3861 2054 3912 et
2093 3850 2338 3915 Summe.

294 3922 443 3978 Part.
469 3924 510 3977 1.
536 3922 718 3986 Quaest.
744 3929 792 3980 9.
818 3927 925 3984 Art.
944 3932 993 3983 8.
