2988 4832
1289 486 1419 559 223

329 601 385 643 ..r
414 602 606 715 Ergo
646 606 841 684 etiam¹
875 617 948 682 ea
962 660 983 694 ‚
1027 628 1158 704 quoe
1186 609 1329 682 huic
1370 611 1523 685 ἰάσω
1550 612 1908 685 innituntur
1934 635 2025 684 vet
2058 637 2173 708 per
2215 638 2347 689 cam

332 720 699 808 probantur,
728 721 933 788 eadem
956 732 1014 798 ct
1039 721 1291 788 veritate
1314 732 1370 789 ct
1399 721 1691 809 objectiva
1728 723 2008 791 realitate
2038 749 2068 790 c
2275 748 2347 792 uc

336 827 487 892 adeo
500 828 919 918 philosophica
946 830 1308 896 certitudine
1337 829 1627 917 qaudent.
1661 827 1871 911 Quam
1897 830 1968 899 in
1994 853 2135 901 rem
2162 830 2346 901 liceat

333 932 522 1028 nobis
543 924 659 1006 hie¹
675 936 771 1005 uti
790 937 1120 1013 communi
1142 937 1421 1027 quidam
1450 937 1944 1030 comparatione.
1975 935 2070 1008 Sit
2090 938 2338 1031 aliquis,

332 1041 446 1130 qui
492 1043 797 1123 somniet,
837 1062 902 1112 se
936 1062 1089 1112 cum
1134 1042 1381 1113 lumine
1415 1065 1681 1115 accenso
1724 1045 2105 1136 perlustrare
2153 1068 2343 1116 suum

333 1146 754 1219 cubiculum:
786 1149 895 1219 hic
939 1149 1156 1243 utique
1200 1170 1579 1244 cognoscere
1613 1153 1870 1249 nequit,
1909 1152 2063 1243 quid
2095 1154 2345 1224 realiter

328 1256 401 1324 in
425 1278 544 1327 suo
569 1256 861 1328 cubiculo
884 1258 995 1338 sit,
1028 1259 1338 1350 siquidem
1358 1311 1376 1339 ‚
1404 1260 1566 1328 sicut
1590 1258 1816 1328 lumen
1836 1308 1859 1339 .
1899 1280 2180 1352 quocum
2202 1282 2342 1352 per-

332 1359 594 1445 lustrat,
637 1366 726 1434 sic
758 1387 832 1435 ea
856 1418 873 1446 ,
926 1389 1069 1458 quae
1099 1368 1583 1458 perlustrantur,
1632 1369 1757 1435 sint
1789 1390 1968 1437 mere
1997 1369 2342 1459 subjectiva

328 1474 570 1542 mentis
593 1476 962 1544 somniantis
1006 1478 1470 1567 phantasmata.
1504 1474 1621 1542 Ast
1667 1476 1838 1543 idem
1858 1526 1878 1555 ‚
1931 1477 1984 1544 si
2038 1476 2191 1566 vigil
2223 1501 2341 1546 re-

327 1581 489 1650 flexe
520 1581 591 1650 in
619 1583 735 1651 sua
767 1604 969 1650 manu
1016 1582 1183 1650 videt
1230 1581 1455 1649 lumen
1498 1603 1840 1649 accensum
1863 1632 1881 1659 ‚
1923 1582 2009 1650 ita
2038 1584 2296 1673 quidem
2317 1636 2335 1660 ,

327 1697 400 1758 ut
432 1690 514 1760 de
566 1693 702 1783 ejus
749 1690 1037 1760 luminis¹
1059 1689 1370 1780 objectiva
1416 1688 1697 1758 realitate
1731 1687 2017 1757 dubitare
2059 1689 2338 1758 absolute

327 1819 466 1866 non
495 1800 720 1891 possit,
760 1800 948 1867 etiam
976 1798 1055 1866 de
1086 1795 1395 1888 obJectiva
1421 1797 1699 1865 realitate
1726 1818 1950 1865 eorum
1969 1848 1989 1877 ,
2029 1820 2171 1887 quae
2197 1821 2338 1866 me-

326 1905 542 1975 diante
581 1906 705 1975 hoc
730 1906 975 1975 lumine
1014 1905 1317 1996 percipit,
1355 1905 1706 1972 necessario
1736 1925 1916 1994 teque
1952 1908 2160 1972 certus
2191 1907 2333 1974 erit.

328 2011 533 2102 Atqui
572 2012 984 2103 applicatione
1029 2011 1199 2087 sacta
1225 2010 1499 2081 conditio
1528 2008 1900 2078 somniantis
1942 2015 2037 2077 est
2066 2010 2338 2082 conditio
2460 2079 2473 2090 ,

327 2140 555 2203 eorum
577 2169 597 2199 ,
641 2121 751 2211 qui
775 2143 888 2210 per
916 2120 1152 2188 formas
1175 2140 1351 2186 mere
1375 2116 1749 2207 subjectivae
1774 2136 1877 2184 res
1909 2137 1974 2184 se
2011 2119 2336 2209 percipere

325 2232 708 2295 autumant:
743 2225 1016 2297 conditio
1043 2247 1197 2294 vero
1237 2224 1444 2315 vigilis
1479 2228 1575 2290 est
1605 2222 1878 2291 conditio
1905 2244 2174 2301 eorum,
2226 2222 2336 2312 qui

323 2333 556 2403 reflexe
579 2338 714 2402 tam
736 2354 1035 2402 normam
1056 2331 1267 2401 omnis
1286 2329 1690 2422 cognitionis,
1730 2349 1928 2420 quam
1947 2329 2331 2422 principium

324 2444 538 2526 omnis
566 2441 951 2511 certitudinis
981 2442 1068 2508 ita
1092 2438 1493 2529 intelligunt,
1534 2440 1609 2505 ut
1640 2435 1721 2505 de
1750 2435 2060 2528 objectiva
2106 2455 2334 2505 eorum

321 2550 604 2620 realitate
631 2547 917 2618 dubitare
954 2546 1237 2616 absolute
1267 2566 1404 2613 non
1441 2543 1708 2636 possint.

411 2679 586 2771 Ergo
619 2680 690 2745 dc
714 2679 1018 2757 omnibus,
1060 2697 1417 2767 quincunque
1430 2696 1548 2764 per
1567 2673 1931 2742 evidentiam
1962 2674 2085 2742 sive
2120 2676 2334 2741 imme-

324 2792 565 2856 diatam
587 2836 607 2867 ‚
649 2789 771 2853 cive
812 2785 1140 2851 mediatam
1184 2783 1500 2875 (adeoque
1528 2801 1645 2873 per
1688 2801 1947 2849 sensum
1979 2782 2281 2849 intimum
2307 2833 2325 2859 ,

324 2915 547 2965 sensus
576 2899 862 2962 externos
883 2943 900 2971 ,
947 2889 1382 2957 auctoritatem
1396 2937 1419 2966 ,
1460 2903 1720 2954 sensum
1753 2892 1999 2955 naturae
2029 2907 2333 2954 commu-

322 3025 481 3073 nem
512 3007 700 3091 atque
745 3021 861 3090 per
903 2996 1187 3086 legitima
1233 2991 1595 3082 ratiocinia)
1625 2993 1849 3079 reflexa
1893 2995 2327 3080 communimus,

321 3110 794 3203 philosophicam
833 3115 890 3170 ct
929 3123 1062 3171 vere
1106 3102 1501 3191 scientificum
1544 3097 1964 3165 certitudinem
2004 3097 2333 3170 obtinemus

326 3230 454 3284 tam
480 3217 676 3306 quoad
702 3213 1088 3301 subjectivam
1107 3230 1315 3279 corum
1343 3206 1691 3285 veritatem,
1720 3226 1901 3293 quam
1920 3204 2117 3292 quoad
2136 3203 2330 3290 objec-

325 3328 518 3394 tivam
551 3327 915 3392 realitatem.

321 3493 326 3500 ·
410 3457 583 3548 Ergo
609 3457 867 3547 quaestio
906 3455 1060 3523 illa.
1095 3452 1379 3543 quomodo
1406 3472 1449 3516 a
1476 3435 1793 3534 subjective
1828 3442 2099 3511 transiri
2134 3441 2341 3531 possit

269 3627 271 3632 ⁴
325 3569 410 3635 ad
432 3567 828 3654 objectivum.
861 3563 1069 3654 quoad
1093 3557 1317 3631 oinnes
1343 3564 1589 3627 nostras
1616 3549 2007 3643 cognitiones
2029 3569 2323 3619 summa-

327 3678 442 3744 tim
489 3675 814 3767 explanata
844 3677 907 3740 et
939 3670 1140 3740 soluta
1170 3671 1261 3737 est
1302 3688 1418 3758 per
1457 3666 1660 3754 ipsam
1697 3659 2008 3748 analysim
2041 3657 2197 3726 ideae
2230 3669 2325 3725 τῦο

327 3806 456 3852 esse
483 3780 843 3875 simpliciter
873 3784 936 3849 et
963 3775 1399 3873 cognitionum
1429 3777 1812 3850 nostrarum.
1844 3763 2023 3835 Jam
2029 3785 2223 3845 vero,
2235 3761 2325 3831 si

308 3894 639 3983 originem
664 3892 929 3984 specteS,
