2988 4832
414 579 482 646 et
530 577 884 651 necessario
930 567 1188 673 semper
1235 576 1350 647 toti
1372 578 1710 670 repugnat.
1766 573 1886 645 Ast
1924 575 2072 667 quia
2098 575 2271 647 Deus
2315 574 2413 648 vel

399 685 676 756 coexistit
694 688 831 759 aliis
853 690 972 761 sibi
998 686 1498 765 succedentibus,
1523 684 1631 755 vel
1654 682 1877 755 saltem
1905 685 2241 757 coexistere
2263 708 2416 758 con-

339 830 358 887 4
400 795 525 886 cipi
543 802 745 886 potest
759 849 782 878 ,
813 796 969 867 hinc
995 797 1104 876 fit,
1135 801 1209 865 ut
1237 795 1480 864 ratione
1517 791 1822 885 temporis
1844 794 2105 864 actualis
2131 794 2240 864 vel
2265 814 2417 887 pos-

401 902 598 972 sibilis
633 910 1001 992 momenta,
1038 905 1170 973 dies
1194 956 1210 983 ‚
1245 903 1402 972 anni
1438 905 1504 971 et
1553 901 1766 971 secula
1806 901 1879 972 in
1909 903 2261 972 aeternitate
2282 954 2305 984 ,
2332 908 2420 975 et

398 1010 526 1081 haic
549 1011 814 1094 ratione,
842 1036 985 1105 quae
1003 1013 1138 1083 Deo
1167 1013 1513 1081 extrinseca
1532 1016 1594 1078 et
1608 1010 1818 1079 solum
1847 1009 1928 1078 ad
1966 1015 2285 1081 creaturas
2314 1033 2421 1082 ac-

399 1117 601 1187 tuales
629 1120 735 1190 vel
762 1122 1083 1213 possibiles
1109 1121 1371 1188 relativa
1402 1124 1535 1197 est,
1573 1121 1700 1206 fait
1744 1123 1808 1186 et
1850 1120 1971 1185 erit
1991 1170 2014 1199 ,
2051 1120 2187 1186 lteri
2209 1124 2273 1187 et
2303 1121 2417 1186 Ito-

403 1229 522 1306 die,
565 1231 723 1296 anni
764 1236 829 1297 et
869 1232 1067 1297 secula
1100 1230 1179 1297 de
1211 1227 1344 1296 Deo
1372 1227 1703 1319 praedicari
1731 1227 2011 1318 possint;
2048 1227 2119 1295 in
2165 1249 2235 1295 se
2267 1249 2421 1296 vero

403 1340 466 1401 et
485 1332 820 1405 intrinsece
849 1336 1022 1406 Deus
1052 1342 1115 1404 et
1142 1337 1455 1404 {eternitas
1497 1333 1619 1402 Dei
1661 1346 1790 1402 tota
1841 1358 2096 1426 semper
2124 1341 2221 1405 est
2241 1385 2263 1417 .
2298 1357 2423 1407 nec

402 1444 884 1523 successionem,
920 1442 1205 1533 adeoque
1232 1464 1353 1512 nec
1380 1444 1507 1529 fuit
1538 1463 1659 1510 nec
1686 1443 1804 1508 erit
1830 1441 2048 1511 habet.

492 1625 648 1691 Inst.
687 1596 768 1692 1⁰·
796 1621 865 1691 Si
896 1614 1210 1691 aeternitas
1230 1619 1350 1689 Dei
1378 1623 1601 1711 quovis
1628 1621 1886 1689 instanti
1917 1625 2011 1690 est
2045 1627 2198 1703 tota,
2234 1645 2424 1713 quae-

405 1727 557 1798 libet
580 1735 870 1797 creatura
891 1730 1252 1797 coexisteret
1275 1728 1388 1796 toti
1410 1727 1742 1797 aeternitati
1769 1725 1892 1798 Dei
1922 1753 1942 1800 z
1979 1730 2159 1820 atqui
2183 1729 2308 1803 hoc
2334 1735 2425 1800 est

411 1837 765 1907 absurdum
790 1867 809 1920 ;
842 1860 1020 1928 ergo.
1034 1888 1049 1905 .
1063 1890 1079 1908 .
1092 1888 1109 1905 .

495 2010 577 2080 R.
598 2012 685 2078 D.
704 2013 871 2098 Maj,
898 2009 1208 2091 Quaelibet
1233 2014 1524 2078 creatura
1571 2009 1939 2080 coexisteret
1955 2011 2071 2081 toti
2101 2013 2430 2085 aeternitati

411 2117 642 2187 divinae
667 2120 1015 2206 formaliter
1049 2111 1318 2207 sumptae
1368 2138 1481 2185 seu
1509 2119 1719 2185 relatae
1746 2120 1832 2185 ad
1850 2142 1910 2185 se
1934 2169 1952 2197 .
1991 2126 2305 2210 quatenus
2337 2128 2431 2191 est

411 2227 547 2316 ipsa
578 2226 708 2295 vita
735 2226 927 2316 plena
954 2231 1018 2294 et
1047 2232 1225 2295 actus
1252 2247 1453 2319 purus
1474 2277 1492 2304 ‚
1530 2247 1659 2315 quo
1688 2223 1862 2294 Deus
1890 2231 2021 2304 est,
2057 2249 2170 2296 seu
2207 2234 2430 2319 quate-

412 2355 537 2402 nus
555 2338 648 2403 est
684 2333 1029 2403 essentialis
1058 2339 1123 2401 et
1164 2334 1507 2402 intrinseca
1551 2330 1676 2400 Dei
1716 2331 2155 2403 determinatio
2180 2334 2430 2405 coexis-

413 2441 590 2511 tendi
632 2442 932 2511 omnibus
984 2443 1200 2523 rebuS,
1238 2464 1383 2532 quae
1422 2462 1716 2533 unquam
1760 2442 2074 2514 exstiturae
2122 2452 2275 2515 sunt
2306 2454 2430 2518 *aut

412 2548 548 2618 ulle
586 2549 777 2617 etiam
803 2549 1085 2642 possibili
1108 2550 1504 2619 successione
1532 2551 1794 2618 existere
1829 2558 2134 2643 poterunt
2157 2560 2267 2621 aut
2289 2578 2430 2647 pos-
2532 2647 2536 2652 ἱ

414 2660 583 2737 sunt,
622 2658 696 2727 C.
726 2660 893 2746 Maj.
915 2657 1292 2726 Coexisteret
1314 2657 1427 2726 toti
1452 2658 1784 2726 aeternitati
1805 2661 2164 2728 virtualiter
2194 2684 2430 2755 sump-

411 2773 493 2834 1ae
520 2788 625 2833 seu
666 2768 877 2832 relatae
913 2767 999 2833 ad
1027 2766 1410 2833 durationem
1428 2815 1448 2845 ,
1481 2787 1678 2855 quam
1702 2764 1875 2834 Deus
1894 2768 1962 2837 vi
1989 2771 2274 2838 essentiae
2303 2771 2432 2839 ha·-

412 2873 522 2944 bet
553 2874 691 2946 sine
744 2874 921 2944 initio
967 2877 1031 2942 et
1077 2873 1212 2941 sine
1240 2873 1416 2941 fine:
1452 2875 1612 2960 Neq.
1657 2875 1824 2960 Maj.
1875 2887 1932 2941 et
1963 2900 2092 2965 par
2119 2879 2207 2949 D.
2255 2882 2427 2949 Min.

413 2985 505 3056 N.
557 2985 737 3054 Com.
785 2980 1037 3054 Scilicet
1096 2983 1404 3048 aeternitas
1446 2982 1566 3049 Dei
1594 2985 1910 3071 spectatur
1953 2985 2304 3071 formaliter
2325 3038 2342 3065 ,
2378 2988 2431 3055 si

418 3090 695 3165 sumitur
718 3086 838 3162 sub
872 3087 1128 3182 proprio
1154 3109 1269 3156 suo
1293 3092 1606 3180 conceptu
1635 3092 1945 3178 tanquam
1974 3092 2103 3157 vita
2121 3094 2431 3164 essentia-

416 3192 563 3271 liter
598 3202 730 3272 tota
756 3195 952 3270 simul
983 3200 1047 3264 et
1083 3197 1361 3287 perfecta
1405 3223 1424 3265 ι
1476 3205 1540 3264 et
1581 3195 1737 3264 huic
1795 3198 2137 3265 oeternitati
2177 3203 2430 3288 formali

420 3304 688 3400 singulae
718 3309 1021 3378 creaturae
1047 3306 1161 3371 toti
1187 3305 1580 3384 coexistunt,
1611 3304 1922 3394 siquidem
1949 3303 2123 3377 Deus
2167 3310 2433 3400 singulis

419 3413 761 3484 momentis
797 3413 1100 3503 temporis
1121 3414 1321 3482 nostri
1360 3418 1567 3482 totum
1615 3434 1805 3481 suum
1853 3435 1985 3483 esse
2014 3419 2340 3510 totamque
2368 3425 2430 3487 et

419 3522 764 3616 perfectam
800 3521 1001 3592 vitam
1040 3521 1293 3594 habeat.
1322 3521 1657 3616 Spectatur
1697 3529 1916 3592 autern
1963 3525 2348 3609 virtualiter,
2380 3529 2434 3598 si

418 3629 696 3700 sumitur
718 3629 839 3698 sub
866 3635 1178 3722 conceptu
1208 3633 1463 3699 virtutis
1483 3633 1819 3700 essentialis
1844 3685 1861 3710 ‚
1909 3633 2037 3722 quit
2055 3686 2072 3713 ,
2105 3638 2322 3726 utpote
2367 3637 2433 3705 vi

419 3736 837 3829 possibilitatis
872 3737 1174 3821 absolutae
1206 3740 1475 3810 existens
1494 3765 1529 3820 ,·
1579 3741 1989 3811 essentialiter
2033 3741 2435 3816 durationem

423 3844 662 3934 ubsque
683 3844 859 3914 initio
889 3852 952 3916 et
986 3845 1220 3936 absque
1250 3847 1381 3920 fine
1416 3847 1609 3922 habet
1638 3878 1659 3938 ·‚
1684 3857 1746 3923 et
1772 3850 1925 3926 huic
1949 3856 2281 3924 aeternitati
2299 3855 2436 3925 vir-
