2988 4832
1300 449 1385 519 15

343 578 580 647 tollitur
623 577 832 648 omnis
872 576 1049 649 notio
1093 576 1376 651 materiae
1405 622 1426 658 .
1482 594 1618 647 non
1662 575 1822 649 item
1862 574 2112 651 sublato
2160 577 2353 659 motu

341 685 593 757 actuali.
641 684 1003 757 Adversarii
1024 683 1144 777 ipsi
1163 733 1184 764 ‚
1235 687 1650 776 agnoscentes
1673 681 1748 754 in
1772 684 2071 757 omnibus
2116 706 2353 783 corpo-
2496 762 2500 770 ,

340 792 517 862 ribus
543 792 679 863 vim
710 794 1126 886 centripetam
1149 840 1169 873 .
1205 813 1353 865 eam
1384 796 1603 863 tamen
1645 797 1888 885 negant
1911 794 2190 867 materiae
2217 817 2356 869 esse

339 900 739 971 essentialem
764 899 847 993 (et
865 923 1020 971 vero
1041 919 1278 992 negare
1302 897 1540 971 dehent
1554 949 1574 980 ,
1609 920 1765 970 cum
1797 898 1898 971 vis
1920 901 2040 972 ista
2059 902 2352 996 impediri

335 1010 573 1100 possit,
613 1009 777 1078 nihil
803 1013 1021 1079 autem
1037 1057 1059 1091 ‚
1091 1006 1267 1101 quod
1285 1007 1370 1077 ad
1392 1004 1734 1079 essentiam
1761 1006 1859 1076 rei
1877 1009 2148 1103 pertinet
2168 1059 2186 1090 ,
2220 1000 2350 1080 im·-

335 1117 539 1209 pediri
563 1119 795 1210 possit,
839 1117 1001 1209 quin
1027 1115 1385 1187 destruatur
1410 1113 1723 1207 essentia).
1764 1112 1905 1198 Quo
1953 1116 2166 1211 itaque
2201 1119 2349 1210 jure

335 1230 588 1295 motum
618 1225 1069 1295 oscillatorium
1088 1221 1547 1295 molecularem
1575 1272 1593 1301 ,
1627 1243 1745 1316 per
1770 1243 1968 1315 quem
1994 1225 2261 1297 materia
2276 1225 2350 1299 in

334 1354 575 1426 organa
602 1338 816 1403 nostra
847 1333 978 1425 agit
1001 1381 1020 1412 .
1057 1331 1266 1405 eidem
1295 1327 1693 1403 essentialem
1723 1349 1858 1401 esse
1884 1329 2209 1403 affirmant
2222 1332 2259 1405 ‘P

419 1474 595 1549 ORJ.
635 1479 704 1546 2⁰
747 1478 989 1550 Natura
1021 1477 1226 1548 multa
1255 1481 1562 1570 perpetuo
1598 1475 1927 1569 producit'.
1969 1485 2299 1553 conservat
2317 1534 2339 1561 .

332 1587 467 1678 agit
504 1586 728 1680 :atqui
761 1588 925 1656 nihil
952 1586 1219 1671 produci
1243 1581 1379 1654 sine
1411 1590 1595 1654 motu
1624 1589 1829 1676 potest
1844 1635 1868 1666 ‚
1896 1585 2064 1656 nihil
2087 1608 2347 1659 conser-

330 1695 469 1763 vari
491 1746 507 1772 ‚
542 1694 649 1789 agi
664 1694 887 1776 'nihil3
934 1717 1087 1786 ergo
1131 1697 1344 1765 motus
1374 1697 1470 1762 est
1513 1692 1795 1763 materiae
1827 1695 2193 1769 essentialis.
2251 1695 2347 1771 lta

329 1805 464 1874 sere
491 1802 588 1874 La
614 1802 876 1899 Grange
902 1802 1016 1896 (1).

418 1951 505 2022 R.
540 1954 629 2022 D.
657 1954 827 2042 Μαί.
853 1950 1098 2022 Natura
1125 1948 1447 2047 producit,
1479 1960 1810 2025 conservat
1830 1959 1893 2025 et
1918 1954 2068 2048 agit,
2098 1952 2234 2025 Deo
2258 1954 2346 2025 ita

327 2059 585 2131 volente
614 2064 681 2130 et
705 2059 1038 2132 ordinante
1065 2114 1083 2142 ‚
1132 2064 1204 2133 C.
1234 2064 1403 2152 Μαί.
1453 2062 1551 2132 Ex
1591 2064 1859 2135 essentia
1885 2070 1949 2134 et
1979 2065 2344 2135 necessitate

328 2167 451 2237 sibi
476 2166 675 2248 indita
700 2220 719 2250 ‚
766 2170 855 2239 N.
885 2172 1053 2259 Maj.
1095 2170 1282 2252 Quod
1311 2173 1487 2242 enim
1520 2193 1598 2242 ex
1634 2173 1901 2243 essentia
1921 2178 2057 2253 est,
2090 2193 2342 2265 semper

322 2274 556 2345 eodem
576 2276 769 2346 modo
793 2281 886 2346 est
928 2303 947 2347 ε
988 2279 1166 2369 atqui
1192 2278 1457 2371 plurimi
1483 2285 1696 2361 motus
1722 2281 1796 2349 in
1835 2279 2065 2350 natura
2101 2284 2251 2349 sunt
2278 2287 2343 2349 et

322 2382 656 2454 velocitate
684 2389 751 2453 et
774 2383 1116 2456 directione
1150 2390 1214 2456 et
1246 2382 1718 2458 combinatione
1752 2386 1920 2456 inter
1942 2406 2008 2459 se
2030 2385 2259 2460 diversi
2277 2394 2342 2460 et

319 2492 665 2562 variabiles
694 2520 714 2575 ς
755 2512 916 2584 ergo
940 2498 1156 2566 motus
1186 2494 1259 2566 in
1287 2495 1520 2566 natura
1554 2516 1690 2566 non
1712 2495 1926 2566 fluunt
1954 2499 2032 2566 ex
2058 2500 2342 2572 necessi-

308 2605 452 2669 tate
507 2602 645 2692 ejus
696 2601 1007 2679 essentiae.
1070 2604 1238 2675 Dein
1285 2605 1376 2676 D.
1411 2604 1620 2697 parit.
1674 2606 1843 2685 Min,
1895 2606 1988 2677 Ν.
2051 2607 2230 2682 Com.
2275 2611 2341 2680 et

327 2711 580 2801 Conseq.

408 2846 574 2917 Inst.
616 2844 830 2919 Motus
864 2846 1272 2941 particulares
1320 2851 1475 2926 sunt
1498 2846 1784 2938 :tantum
1843 2847 2338 2923 modificafiones

317 2954 542 3025 motus
568 2956 881 3047 generalis
904 3008 923 3038 ,
967 2957 1082 3050 qui
1107 2955 1431 3028 constituit
1455 2957 1793 3028 essentiam
1819 2959 2099 3028 materiae
2126 2986 2145 3040 3
2182 2981 2336 3052 ergo

319 3084 365 3130 a
391 3061 673 3133 motibus
698 3084 1039 3156 corporum
1068 3061 1553 3157 particularibus
1598 3063 1764 3137 nihil
1808 3069 2011 3160 potest
2041 3058 2336 3141 concludi

320 3169 407 3238 ad
433 3175 688 3240 motum
716 3174 1140 3270 generalem„

412 3304 498 3376 R.
554 3308 644 3379 Ν.
683 3308 976 3401 inprimis
1003 3312 1165 3381 Ant,
1213 3310 1384 3382 Nam
1414 3316 1583 3382 certe
1604 3298 1657 3392 ’ἴ
1677 3331 1833 3381 cum
1866 3310 2126 3403 projicio
2157 3331 2222 3381 v.
2261 3332 2329 3401 g.

317 3413 601 3506 lapidem
623 3466 642 3495 ,
691 3422 905 3485 motus
954 3418 1133 3488 istius
1167 3416 1416 3511 lapidis
1476 3417 1699 3510 nequit
1750 3440 1886 3490 esse
1927 3416 2332 3503 1modificatio

318 3522 540 3592 motus
567 3525 880 3617 generalis
916 3525 1051 3597 sive
1087 3521 1298 3602 terrae.
1322 3527 1493 3600 circa
1542 3548 1729 3597 axem
1774 3547 1968 3597 suum
1985 3607 1988 3610 Δ
2008 3524 2115 3595 vel
2151 3524 2331 3594 ⁴circa

319 3634 527 3702 solem
548 3685 567 3714 ,
610 3636 737 3703 sive
765 3641 1082 3704 astrorum
1110 3657 1228 3727 per
1265 3640 1563 3704 mutuam
1606 3634 2111 3727 gravitationem.
2167 3630 2329 3710 Item

317 3747 536 3812 motus
554 3790 576 3822 .
617 3766 750 3835 quo
773 3744 1006 3836 plantae
1046 3743 1212 3816 bene
1244 3742 1326 3813 ab
1352 3742 1697 3820 hortulano
1728 3747 1963 3833 curatae
1987 3748 2282 3820 crescunt
2303 3794 2320 3823 .

383 3932 460 3999 (1)
491 3934 550 3987 In
569 3947 716 4000 opere
735 3933 839 4007 iam
860 3937 1005 3990 citato
1028 3951 1043 3985 τ
1071 3934 1293 3995 Sus-teme
1307 3936 1371 3988 de
1391 3936 1441 3989 la
1460 3939 1654 3997 nature.
