2988 4832
1322 545 1446 616 185

353 665 634 764 pulchro
651 669 775 738 etc.
809 682 923 756 per
951 680 1172 734 sensus
1192 670 1485 756 percepto
1516 676 1680 755 saepe
1703 684 1900 755 qnam
1917 658 2216 735 'maxime
2240 664 2392 734 dis--

357 775 632 845 cordent
672 799 691 842 ε
737 792 890 863 ergo
932 771 1090 842 ideae
1128 771 1264 843 istae
1282 794 1325 841 a
1351 770 1641 843 sensibus
1663 770 1845 842 nullo
1877 770 2073 842 modo
2097 770 2373 842 derivari

355 887 651 976 possunt.

453 1046 564 1118 83.
602 1046 712 1116 ‘Ex
754 1045 876 1116 hac
901 1047 1327 1138 propositione
1368 1047 1458 1117 sic
1506 1046 1776 1117 stabilita
1826 1046 2212 1116 sufficienter
2238 1044 2396 1133 jam'

357 1156 612 1235 elucet,
668 1153 878 1225 ideam
900 1176 995 1228 τοῦ
1027 1180 1146 1224 ease
1189 1158 1550 1245 simpliciter
1588 1156 2011 1246 omniumque
2038 1155 2376 1245 perlectio-

355 1282 531 1333 num
553 1262 940 1353 simplicium
960 1286 1075 1353 per
1100 1250 1321 1332 sensus
1340 1286 1476 1333 non
1502 1265 1747 1354 acquiri
1772 1293 1787 1343 ;
1823 1264 2106 1352 adeoque
2127 1260 2381 1327 axioma

363 1365 537 1445 illud
589 1394 608 1437 ε
664 1369 849 1437 Nihil
891 1382 976 1435 est
1016 1372 1089 1436 in
1136 1373 1441 1438 intellectu
1460 1422 1477 1449 ‚
1530 1373 1686 1460 quod
1718 1373 1899 1459 prius
1932 1393 2056 1436 non
2086 1370 2277 1453 fuerit
2305 1370 2381 1433 in

355 1497 538 1542 sensu
554 1526 570 1553 ,
599 1481 791 1566 prout
810 1476 1004 1544 verba
1023 1485 1251 1545 sonant
1274 1529 1290 1554 ‚
1316 1478 1583 1547 omnino
1603 1478 1838 1545 salsum
1854 1525 1871 1554 ‚
1898 1482 1962 1543 et
1982 1476 2107 1544 hoc
2127 1481 2390 1542 tantum·

359 1598 554 1649 sensu
580 1603 809 1653 verum
836 1605 969 1650 esse
997 1634 1014 1660 ‚
1048 1584 1211 1651 nihil
1237 1606 1369 1652 esse
1398 1585 1468 1651 in
1492 1585 1816 1652 intellectu
1841 1634 1856 1660 ‚
1903 1582 2075 1671 quod
2093 1633 2111 1660 ,
2142 1586 2216 1649 ut
2237 1582 2380 1671 pri-

356 1710 550 1756 mum
576 1689 803 1757 reflexe
832 1690 1213 1780 percipiatur
1238 1741 1255 1768 ‚
1302 1711 1437 1758 non
1467 1690 1748 1780 indigeat
1786 1689 2142 1759 sensatione
2165 1684 2386 1777 aliqua

363 1793 675 1885 tanquam
698 1797 1024 1865 occasione
1053 1847 1069 1874 ,
1107 1797 1216 1864 sed
1247 1819 1380 1865 non
1404 1803 1711 1886 tanquam
1749 1797 1936 1864 causa
1962 1794 2380 1886 perceptionis

357 1902 462 1971 sui
488 1905 677 1971 etiam
700 1903 972 1972 reflexae.
1021 1902 1194 1995 Ergo
1227 1904 1617 1972 admittenda
1639 1906 1757 1972 erit
1789 1906 2097 1973 sententia

392 2110 399 2114 ·
453 2081 565 2151 84.
595 2079 674 2153 ΙΙ.
706 2080 953 2152 Eorum
979 2133 1000 2165 ‚
1028 2106 1141 2175 qul
1171 2082 1341 2152 ideas
1362 2083 1773 2153 intellectivas
1803 2105 1914 2152 seu
1937 2081 2382 2154 rerum'intel-

355 2189 703 2282 ligibilium
742 2193 972 2260 docent
1019 2195 1360 2259 immediate
1406 2195 1478 2257 in
1528 2194 1766 2260 racione
1808 2194 2070 2278 fundari
2095 2243 2112 2268 ‚
2174 2214 2285 2259 seu
2315 2215 2381 2277 ‚a
2475 2248 2478 2253 ,

365 2304 584 2366 mente
608 2300 742 2367 sine
771 2300 983 2369 medio
1010 2322 1315 2368 sensuum
1344 2299 1606 2390 percipi.
1643 2297 1762 2367 Ast
1783 2298 1888 2366 hic
1916 2321 2084 2367 nova
2118 2300 2392 2389 quaestio‘

366 2413 482 2482 est,
516 2429 749 2499 nempe
774 2409 1059 2496 quomodo
1094 2413 1158 2475 et
1183 2430 1477 2497 quasnam
1502 2406 1879 2474 ideasmens
1905 2406 1996 2474 sic
2017 2406 2379 2476 immediate

360 2516 691 2606 percipiat.
747 2514 1033 2596 Quatuor
1061 2521 1278 2584 autem
1311 2515 1628 2607 praecipue
1675 2515 1842 2582 circa
1879 2514 2004 2583 hoc
2056 2519 2211 2584 sunt
2247 2515 2381 2607 opi-

360 2615 591 2692 niones
619 2676 635 2701 ‚
681 2641 983 2714 quarum·

455 2799 520 2865 1·
554 2796 933 2876 Contendit,
982 2812 1232 2867 mentem
1263 2824 1470 2891 tpsam
1516 2801 1727 2867 habere
1764 2801 1890 2864 vim
1920 2810 1976 2864 et
2004 2800 2378 2865 activitatem

355 2907 667 2994 efficiendi
690 2907 860 2990 ideas
880 2958 898 2984 ‚
939 2911 1002 2975 et
1040 2907 1302 2997 quidem
1340 2929 1563 2975 rerum
1588 2911 1841 2973 tantum
1879 2904 2379 2998 intelligibilium

347 3015 535 3104 juxta
568 3012 932 3081 Arnaldum
950 3064 972 3093 ,
1022 3011 1365 3082 Doctorem
1413 3003 1841 3082 Sol-bonicum
1891 3010 2019 3101 (1),
2081 3011 2379 3079 omnium

363 3121 637 3188 omnino
681 3143 905 3189 rerum
941 3122 1123 3210 juxta
1175 3118 1411 3194 Fichte
1441 3120 1551 3211 (2).
1618 3121 1818 3188 Prior
1865 3124 2090 3188 contra
2142 3115 2382 3186 Malle-

353 3226 647 3294 branche
675 3228 903 3296 acriter
929 3226 1207 3295 defendit
1216 3254 1249 3316 ,ς
1280 3227 1714 3317 perceptiones
1741 3249 1821 3297 ex
1849 3227 2078 3300 natura
2106 3224 2222 3293 sua
2245 3245 2379 3293 esse

356 3333 762 3425 objectorum
791 3336 1402 3426 repraesentatrices;
1455 3343 1519 3404 et
1556 3337 1849 3427 quamvis
1886 3333 2379 3426 simplicissimas

352 3442 455 3510 in*
469 3462 536 3509 se
565 3493 582 3520 ‚
616 3465 796 3537 posse
819 3449 1039 3511 tamen
1067 3444 1320 3512 easdem
1342 3466 1459 3534 per
1480 3443 1967 3522 abstractionem
1998 3440 2380 3512 considerari

353 3549 495 3618 sive
516 3556 586 3618 ut
608 3552 1077 3644 perceptiones.
1107 3556 1419 3640 quatenus
1446 3552 1804 3644 percipiunt
1832 3605 1850 3632 ,
1886 3553 2015 3621 sive
2037 3555 2111 3620 ut
2136 3549 2381 3642 objecta

354 3660 891 3750 perceptionum.
956 3664 1273 3748 quatenus
1319 3660 1786 3751 percipiuntur.
1854 3660 2169 3729 Posterior
2226 3679 2379 3728 vero

426 3880 500 3947 (1)
532 3881 604 3934 De
622 3884 758 3935 veris
731 3885 831 3933 set
848 3883 1001 3949 falsas
1020 3882 1171 3935 ideis.

428 3961 499 4028 (Ξ)
537 3961 1015 4033 Wiesmsclzaflslelzr
1014 3980 1042 4019 e
1043 3966 1269 4022 .-fleine
1292 3966 1649 4022 telaneitetelm
