2988 4832
1359 504 1488 575 425

431 625 495 691 et
512 620 684 689 varia
705 623 840 711 ejus
861 617 1154 691 attributa
1177 621 1474 712 cognosci
1493 623 1562 689 et
1578 617 1863 688 intimius
1884 618 2265 688 considerari
2290 638 2424 687 non

431 735 726 817 possunt,
762 728 881 796 nisi
899 728 968 797 in
987 778 1005 806 ,
1028 749 1146 818 per
1166 778 1183 805 ,
1210 731 1454 797 etcum
1473 726 1700 797 eodem
1719 725 1901 813 Deo‘J3
1930 725 2042 816 qui
2059 723 2167 795 vel
2192 725 2428 794 imme-

431 833 591 902 diate
622 835 805 904 nobis
830 836 1182 904 innotescat
1211 835 1532 926 (implicite
1568 833 1689 904 sub
1714 833 1856 904 idea
1878 847 1976 900 τοῦ
2008 854 2141 901 esse
2178 832 2432 923 simpli-

431 939 603 1030 citer)
634 943 761 1031 qua
795 942 974 1012 radix
997 947 1064 1010 et
1089 941 1251 1011 ratio
1275 942 1695 1033 possibilitatis
1721 939 1932 1009 omnis
1966 937 2432 1028 cognitioniset

429 1043 736 1116 volitionis
773 1049 903 1140 (1)‚·
954 1049 1062 1117 vel
1101 1048 1371 1117 mediate
1401 1071 1518 1137 per
1556 1051 1910 1126 creaturas,
1965 1065 2112 1134 quae
2136 1095 2154 1122 ‚
2212 1048 2430 1133 utpote
2490 1045 2496 1058 '

429 1156 773 1224 necessario
797 1156 1081 1226 formatae
1106 1154 1189 1223 ad
1214 1152 1690 1225 similitudinem
1709 1151 1829 1221 Dei
1848 1202 1867 1230 ,
1917 1151 2099 1242 quasi
2132 1148 2294 1220 radii
2318 1151 2430 1219 lu·-

427 1259 619 1329 minis
660 1260 859 1330 divini
898 1262 1183 1345 referunt
1224 1261 1396 1336 ideas
1443 1257 1567 1329 Dei
1612 1265 1677 1331 et
1725 1259 1928 1328 varias
1977 1258 2118 1349 ejus
2177 1257 2429 1347 perfec-

427 1366 652 1437 tiones,
1297 1369 1309 1395 ‘

509 1489 692 1559 Sicut
723 1495 935 1558 autem
970 1490 1304 1558 hominem
1328 1486 1826 1556 examinavimus
1872 1487 1942 1553 in
1971 1509 2037 1554 se
2082 1492 2147 1554 et
2173 1485 2430 1554 relat-ive

429 1600 776 1688 spectatum
798 1647 816 1674 ,
870 1597 958 1663 sic
994 1596 1185 1663 etiam
1213 1593 1426 1662 Deum
1453 1592 1678 1662 eadem
1711 1586 1954 1659 ratione
1989 1590 2420 1662 considerabi-

427 1716 617 1792 musg
657 1710 785 1782 hac
805 1716 1023 1780 tamen
1049 1700 1940 1803 praemissa'animadversione
1965 1758 1983 1788 ,
2030 1710 2102 1776 in
2129 1707 2263 1778 Deo
2288 1730 2426 1777 non

426 1809 797 1887 relationem
819 1816 903 1885 ad
923 1821 1096 1886 extra
1118 1815 1430 1886 actualem
1454 1866 1473 1895 ‚
1504 1813 1615 1884 sed
1636 1819 1887 1883 tantum
1908 1814 2267 1905 possibilem
2290 1834 2428 1883 esse

405 1925 820 2022 ‘essentialem
843 1975 863 2004 ‚
898 1915 1243 2016 Jpropterea
1289 1923 1461 2013 quod
1501 1920 1636 1989 Deo
1677 1920 2007 1988 essentiale
2048 1919 2306 2010 quidem
2349 1919 2428 1988 sit

412 2121 417 2125 ‚
429 2052 605 2122 posse
638 2024 898 2110 crearess
930 2050 1065 2100 non
1087 2034 1303 2097 autem
1320 2033 1466 2096 actu
1487 2047 1726 2095 creare.
1780 2024 1972 2094 Undew
1992 2026 2071 2097 sit
2094 2024 2370 2094 breviter
2400 2047 2421 2115 ς

408 2227 424 2239 -
507 2179 624 2251 34.
655 2181 704 2251 Ι.
734 2181 834 2251 Du
866 2181 1005 2250 Dno
1027 2203 1091 2249 m
1119 2203 1188 2249 sn
1211 2201 1535 2249 sucuro·

406 2337 419 2345 ·
513 2315 678 2383 Cum
698 2315 910 2385 Deum
937 2317 1008 2383 in
1032 2337 1098 2383 se
1119 2323 1475 2408 spectamus
1503 2366 1522 2394 ‚
1557 2337 1631 2384 ea
1657 2303 1729 2385 in
1760 2315 1897 2407 ipso
1926 2315 2424 2390 consideramus,'

420 2442 570 2512 ¹quat·
593 2424 712 2515 ipsi
734 2425 805 2495 in
828 2424 1008 2493 omni
1037 2423 1372 2514 hypothesi
1413 2423 1817 2492 essentialiter
1846 2428 1990 2491 actu
2030 2424 2229 2491 inesse
2258 2446 2427 2492 con-

414 2527 634 2622 cipere
654 2552 909 2602 necesse
939 2535 1074 2614 est3
1112 2530 1180 2598 id
1204 2530 1376 2621 quod
1398 2529 1762 2601 brevissime
1783 2531 2299 2622 perstringemus.

418 2677 430 2780 J
513 2678 570 2770 a)
593 2680 754 2747 Deus
784 2681 1119 2751 necessario
1143 2682 1379 2749 existit.

512 2814 587 2885 Id
603 2819 912 2886 evincitur
934 2819 1231 2909 inprimis
1250 2839 1328 2886 ex
1347 2822 1485 2906 ipsa
1507 2821 1645 2886 idea
1666 2821 1809 2896 Dei,
1835 2821 1963 2888 sive
1985 2831 2056 2886 uc
2086 2824 2240 2888 entis
2261 2872 2281 2900 ,
2309 2845 2432 2913 quo

426 2924 626 3008 majus
654 2923 887 3009 concipi
904 2924 1153 3011 iuquit,-
1188 2924 1438 2991 sienim
1463 2944 1599 2993 non
1642 2922 1928 2993 existeret
1965 2929 2112 2993 actu
2139 2977 2156 3004 ,
2202 2948 2244 2995 a
2270 2950 2336 2997 se
2359 2934 2424 2998 et

427 3030 793 3107 necessario,
817 3050 932 3097 ens
951 3028 1124 3097 aliud
1145 3079 1164 3108 ‚
1192 3028 1365 3120 quod
1385 3035 1533 3099 actu
1553 3081 1569 3109 ,
1602 3051 1641 3098 a
1669 3051 1736 3100 se
1757 3034 1822 3098 et
1856 3031 2204 3100 necessario
2223 3029 2228 3034 ’
2245 3034 2424 3101 exis-

428 3140 627 3212 teret,
662 3136 878 3225 utique
920 3137 1126 3223 majus
1149 3142 1344 3204 esset:
1381 3137 1511 3205 sive
1543 3149 1614 3204 uc
1642 3138 1798 3203 entis
1836 3140 2161 3205 necessarii
2188 3189 2209 3216 ‚
2250 3140 2432 3229 quod

350 3245 364 3264 “
430 3243 479 3310 si
511 3264 641 3311 non
681 3235 1006 3321 existeret,
1053 3241 1215 3311 nihil
1241 3264 1532 3331 unquam
1560 3244 1816 3337 existere
1836 3250 2042 3334 posset
2072 3243 2183 3335 (2).
2244 3242 2424 3314 Idem

431 3350 668 3417 eruitur
694 3372 772 3424 ex
801 3351 1016 3417 mundi
1043 3355 1176 3419 tam
1201 3351 1548 3429 existentia,
1582 3372 1727 3439 quoe
1748 3352 2097 3420 necessario
2122 3353 2421 3442 supponit

491 3551 562 3622 (ί)
594 3552 659 3607 nt
674 3553 810 3606 enim
838 3553 1041 3617 pulchre
1067 3552 1137 3603 ait
1163 3552 1216 3606 S.
1237 3553 1499 3617 Angustia.
1530 3551 1709 3618 Super.
1730 3553 1901 3605 Genes.
1926 3553 1998 3605 ad
2018 3554 2117 3607 litt.
2141 3554 2277 3606 vm.
2300 3555 2417 3619 Cap.

429 3628 510 3679 12.
531 3626 666 3680 Sicut
682 3628 771 3677 αέν
786 3627 1029 3691 proesente
1050 3624 1231 3674 lumine
1250 3625 1309 3687 fit
1330 3624 1540 3687 lucidus,
1562 3627 1635 3677 sic
1652 3625 1793 3676 homo
1814 3626 1911 3676 Deo
1929 3626 2027 3677 sibi
2039 3628 2285 3693 proesente
2306 3627 2424 3676 illu-

428 3697 659 3763 minatur,
697 3696 887 3749 absente
932 3697 1094 3745 autem
1131 3696 1355 3746 continuo
1391 3678 1688 3751 remoratur.
1727 3696 1854 3748 Vide
1895 3699 2043 3748 etiam
2087 3697 2261 3763 Psych.
2305 3698 2419 3750 flat.

428 3766 555 3817 Sect.
580 3768 642 3818 11.
665 3767 781 3832 Cap.
803 3769 851 3818 1.
871 3767 979 3816 Art.
1004 3769 1030 3814 3
1063 3768 1223 3816 totum
1238 3770 1289 3816 et
1309 3767 1427 3830 Cap.
1449 3770 1499 3819 2.
1521 3768 1631 3819 Art.
1648 3771 1699 3822 1.

452 3897 455 3900 ,
488 3850 558 3918 (2)
584 3851 711 3903 Vide
727 3855 828 3906 sive
847 3856 952 3907 haec
964 3854 1064 3905 sive
1085 3855 1428 3923 subsequentia
1447 3857 1740 3928 argumenta
1764 3858 1920 3929 fusius
1946 3860 2161 3924 exposita
2183 3860 2239 3915 in
2266 3858 2421 3912 Theo-

427 3920 566 3974 dice&
594 3922 711 3988 locis
747 3925 1041 3986 respectivis.
1420 3941 1429 3984 j
1454 3943 1465 3973 ,⁷

2087 4076 2147 4094 ’ἡ
