2988 4832
280 585 455 655 cono.
480 582 743 659 Etiamsi
765 585 1064 680 poeniteat
1085 592 1149 658 et
1169 590 1243 659 in
1281 595 1408 661 hoc
1433 584 1677 669 ordine.
1695 587 1784 661 Ν.
1811 586 1979 661 Nam
2003 595 2172 667 certe
2199 591 2271 662 in

261 692 390 769 ‚hoc
414 693 636 764 ordine
665 693 837 764 Deus
868 702 1265 788 peccatorem
1297 697 1711 790 poenitentem
1739 695 1925 767 salvis
1947 699 2073 771 suis
2092 701 2273 771 attri-

268 797 434 877 butis
460 805 637 872 omni
664 805 927 895 praemio
955 804 1206 895 privare
1237 826 1373 875 non
1394 812 1618 895 potest.
1654 803 1731 872 ln
1749 802 1876 875 hoc
1909 808 2088 876 enim
2106 806 2273 878 ordi·

266 925 347 975 ne
371 905 546 978 Deus
572 908 745 978 bona
783 912 1156 1002 temporalia
1186 910 1485 981 omnihus
1520 907 2070 982 indiscriminatim
2102 935 2272 986 con-

268 1018 455 1090 cedit.
482 1019 671 1091 Unde
693 1019 782 1089 sic
807 1045 826 1089 ε
857 1019 1031 1091 Deus
1052 1023 1272 1113 nequit
1288 1020 1630 1107 ‚efficaciter
1647 1042 1689 1090 a
1706 1019 1933 1091 virtute
1950 1022 2271 1093 retrahere
2349 1020 2355 1033 ⁸

266 1132 331 1199 et
361 1127 443 1197 ad
464 1127 693 1198 vitium
715 1129 1042 1220 impellere
1071 1156 1089 1199 ε
1120 1129 1329 1219 atqui,
1370 1128 1424 1197 si
1455 1126 1631 1197 Deus
1658 1129 2071 1220 poenitentem
2092 1131 2271 1200 omni

262 1235 529 1324 praemio
570 1235 761 1304 vellet
797 1237 1045 1327 privare
1067 1286 1089 1316 ,
1137 1237 1471 1307 efficaciter
1500 1258 1542 1304 a
1572 1234 1802 1306 *virtute
1833 1237 2180 1308 retraheret
2207 1244 2272 1307 et

261 1337 346 1408 ad
404 1340 632 1410 vitium
677 1342 1074 1432 impelleret,·
1106 1343 1431 1434 siquidem
1478 1348 1770 1435 peccator
1820 1344 2108 1434 pertinax
2154 1365 2272 1436 per

258 1445 465 1517 scelus
498 1449 941 1535 continuatum
972 1451 1223 1519 meliori
1249 1457 1412 1520 sorte
1436 1452 1755 1520 frueretur
1774 1500 1792 1529 ‚
1839 1473 2038 1542 quam
2066 1451 2270 1544 poeni-

256 1558 440 1632 tens,
481 1555 594 1646 qui
625 1577 733 1647 spe
762 1557 966 1625 veniae
991 1563 1056 1624 et
1085 1557 1330 1649 praemii
1354 1579 1394 1624 a
1417 1556 1654 1625 scelere
1682 1556 2006 1626 abstinens
2031 1557 2268 1628 deliciis

253 1660 451 1752 hujus
488 1663 714 1732 mundi
739 1686 872 1733 sese
897 1663 1175 1742 abdicat,
1211 1687 1326 1756 per
1355 1686 1549 1732 omne
1577 1664 1754 1731 nefas
1790 1668 1856 1732 et
1898 1664 2032 1754 ipse
2081 1687 2269 1737 suam

254 1770 616 1842 felicitatem
662 1758 1071 1864 quaesiturus,
1108 1773 1162 1844 si
1205 1772 1463 1842 nullum
1507 1769 1894 1863 poenitentiae
1916 1777 2074 1842 esset
2099 1795 2266 1863 prae-
2309 1780 2314 1783 ’

259 1881 513 1964 mium3
560 1905 796 1974 ergo...

344 2042 500 2110 Inst.
549 2042 616 2110 20
658 2040 933 2113 Virtus
911 2065 1047 2136 ipsa
1084 2042 1201 2113 sibi
1223 2045 1606 2135 praemimn;
1649 2045 1878 2113 vitium
1910 2062 2102 2137 poena
2126 2046 2258 2125 est;

250 2147 365 2218 illa
407 2149 583 2218 enim
619 2153 1140 2243 tranquillitatem
1180 2153 1634 2243 internumque
1678 2152 1879 2221 animi
1907 2149 2213 2243 gaudium
2236 2200 2257 2230 ,

248 2253 375 2324 hoc
420 2258 733 2328 cruciatus
770 2266 835 2329 et
859 2281 1129 2351 angores
1151 2261 1345 2353 parit3
1374 2283 1644 2352 ergo...-

335 2412 421 2485 R.
463 2415 548 2484 D.
596 2414 747 2483 Ant.
791 2411 1013 2484 Virtus
1056 2412 1174 2483 sibi
1200 2415 1540 2506 praemium
1566 2467 1585 2495 .
1633 2414 1864 2486 vitium
1905 2437 2097 2507 poena
2127 2422 2252 2494 est,

246 2522 451 2619 posita
502 2524 902 2614 persuasione
964 2521 1221 2591 alterius
1261 2525 1406 2593 vitoe
1435 2575 1451 2604 ,
1518 2526 1589 2593 C.
1642 2525 1794 2594 Ant.
1847 2520 2108 2593 Seclusa
2151 2522 2263 2592 illa

244 2632 648 2726 persuasione
667 2682 686 2712 ‚
743 2632 833 2700 N.
878 2631 1031 2702 Ant.
1083 2628 1403 2720 Quidquid
1448 2633 1627 2700 enim
1674 2653 1854 2700 nunc
1897 2631 1969 2700 in
2011 2631 2260 2700 virtutis

243 2740 682 2816 exercitatione
715 2739 898 2808 dulce
929 2761 1002 2809 ac
1024 2739 1386 2829 jucundum
1406 2791 1423 2817 ‚
1460 2745 1572 2808 aut
1597 2746 1817 2809 contra
1848 2740 1919 2808 in
1951 2738 2260 2830 flagitiosa

243 2848 492 2917 actione
536 2870 827 2918 amarum
867 2853 995 2926 est,
1031 2846 1099 2915 id
1143 2852 1348 2920 totum
1380 2868 1420 2914 a
1447 2868 1558 2935 spe
1588 2847 1692 2916 vel
1746 2848 1972 2915 timore
2004 2846 2179 2915 alteri
2187 2869 2261 2913 us

241 2956 394 3027 vitae
439 2953 804 3024 naturaliter
845 2952 1047 3023 indito
1077 2954 1331 3044 pendet.
1349 2953 1538 3021 —Et
1586 2974 1737 3023 vero
1781 2955 1834 3022 si
1886 2954 2112 3022 vitium
2142 2952 2259 3021 sibi

239 3079 438 3161 poena
450 3086 743 3154 congrua
770 3064 887 3141 sit,
912 3064 1163 3153 justene
1203 3062 1272 3128 in
1298 3061 1624 3152 republica
1648 3060 1936 3128 humana
1970 3059 2259 3150 flagitiosi

239 3173 630 3274 punientur?
647 3178 709 3240 et
725 3169 1044 3262 quomodo
1065 3170 1336 3259 majores
1356 3175 1714 3260 peccatores
1730 3171 2042 3259 majorem
2065 3166 2259 3235 etiam

238 3279 555 3349 haberent
573 3301 832 3372 poenam
847 3329 866 3359 ‚
894 3299 1048 3347 cum
1070 3278 1450 3369 experientia
1472 3282 1754 3359 constet,
1788 3275 2100 3368 quemvis,
2130 3296 2258 3371 quo

237 3388 606 3489 flagitiosior
628 3389 735 3468 sit,
770 3408 846 3458 eo
867 3387 1085 3456 minus
1108 3386 1262 3478 angi
1284 3385 1683 3480 conscientiae
1706 3383 1977 3455 stimulis
1998 3385 2036 3452 ⁴?

322 3549 492 3619 Ime.
517 3546 586 3617 30
610 3545 679 3616 Si
697 3543 871 3614 Deus
890 3543 1147 3636 puniret
1168 3546 1534 3614 creattnas’
1515 3566 1586 3616 m
1604 3544 1803 3616 altera
1827 3543 2003 3625 vita,
2043 3542 2254 3614 delec-
2339 3627 2342 3630 ¹

237 3660 484 3730 tarem
524 3653 844 3776 suppliciis
869 3657 1213 3722 creaturae·
1248 3652 1595 3723 delectatur
1630 3652 1809 3723 enim
1839 3653 1912 3721 in
1956 3651 2254 3725 omnihus

235 3762 541 3860 operibus
579 3757 961 3852 8111811111ιώ
997 3756 1172 3831 Deus
1207 3780 1462 3872 8111111119
1482 3761 1695 3864 bonus
1730 3783 1866 3848 nou
1890 3766 2094 3859 potest
2130 3761 2254 3846 de-

150 3873 155 3884 ‘
236 3869 463 3951 lectari
496 3868 686 3990 malis
709 3873 1469 4006 11111Ψωε9131....,3
