2988 4832
1322 463 1414 533 49

362 572 634 646 tantiam
660 572 726 646 ’et
762 576 1201 670 impotentiam
1242 579 1608 653 immediato
1649 582 1884 669 intuitu
1912 585 2132 657 omnia
2163 606 2374 679 pene-

365 689 593 754 trandi.
630 685 816 755 Unde
849 698 1117 754 concessa
1158 691 1354 769 Min„
1405 692 1518 760 N..
1548 692 1727 761 Com.

316 867 324 876 ·
364 820 369 829 ’
448 832 621 905 OBJ.
668 834 736 903 3⁰
767 833 939 904 Deus
962 841 1055 904 est
1094 837 1310 937 anima
1338 843 1401 904 et
1421 839 1550 907 vita
1572 818 1760 908 totius
1786 847 2073 922 naturae3
2103 862 2256 933 ergo
2280 848 2373 910 est

358 961 569 1009 unum
614 941 768 1031 quid
809 964 958 1010 cum
997 945 1248 1012 natura.
1292 941 1421 1012 Seu
1440 995 1461 1024 ,
1497 951 1572 1014 ut
1606 945 1890 1038 Spinosae
1917 950 2126 1018 verbis
2145 951 2371 1041 loqua-

359 1067 509 1116 mur
541 1048 754 1118 :Deus
785 1056 877 1119 est
897 1056 1127 1119 natura
1152 1056 1504 1136 naturane-3
1542 1075 1698 1145 ergo
1739 1055 1914 1125 idem
1943 1079 2095 1128 cum
2142 1058 2372 1127 natura

360 1158 681 1230 naturata.

406 1304 523 1410 ‘R.
570 1308 658 1376 D.
691 1301 867 1379 Ant?
891 1300 1073 1380 Deus
1091 1317 1187 1388 est
1227 1310 1445 1383 anima
1467 1315 1535 1381 et
1562 1296 1986 1383 vita-naturae
2009 1364 2028 1393 ,
2057 1297 2372 1405 quatenus

355 1413 521 1483 vires
555 1419 800 1485 naturae
842 1415 927 1487 ab
969 1421 1104 1511 ipso
1141 1425 1312 1499 sunt,
1344 1425 1411 1489 et
1434 1418 1657 1490 omnia
1699 1439 1816 1511 per
1843 1421 2058 1512 ipsum
2095 1443 2208 1491 seu
2240 1426 2372 1491 vir-

327 1602 332 1607 ,
355 1528 486 1590 tute
523 1520 762 1615 abipso
790 1528 1045 1617 accepta
1079 1532 1538 1598 conservantur
1556 1533 1620 1597 et
1638 1532 1841 1618 agunt
1862 1578 1882 1609 ,
1911 1529 1986 1599 C.
2020 1530 2177 1601 Ant.
2203 1527 2373 1611 Qua-

356 1636 542 1700 tenus
583 1626 754 1701 Deus
788 1634 891 1702 vel
921 1640 1218 1705 naturam
1243 1687 1261 1714 ‚
1301 1637 1348 1705 i.
1375 1658 1436 1705 e.
1476 1635 1853 1704 universum
1896 1634 2022 1704 hoc
2062 1640 2318 1706 natm-et
2345 1690 2363 1716 .
2429 1702 2439 1711 .

358 1739 405 1808 i.
437 1761 496 1808 e.
544 1741 724 1831 quasi
769 1746 1076 1832 tanquam
1103 1743 1479 1812 attributum
1524 1764 1603 1812 ex
1634 1743 1902 1812 essentia
1941 1745 2057 1812 sua
2091 1745 2319 1814 educat
2344 1798 2362 1824 .

356 1847 442 1915 ita
481 1851 555 1915 ut
586 1847 959 1918 universum
983 1848 1109 1918 hoc
1143 1850 1316 1919 idem
1339 1872 1492 1919 cum
1528 1848 1666 1918 Deo
1702 1874 1819 1917 esse
1849 1848 2077 1919 habeat
2096 1900 2116 1931 ,
2151 1851 2372 1919 modi-

355 1952 801 2046 ficationesque
834 1956 1117 2026 universi
1144 1958 1269 2026 sint
1300 1956 1796 2026 modificationes
1827 1957 2021 2048 ipsius
2045 1981 2162 2024 esse
2200 1958 2335 2025 divi
2337 1994 2367 2016 ‹

355 2062 428 2128 m·
437 2085 464 2140 ,-
493 2061 611 2137 vel,
627 2069 942 2154 quatenus
980 2062 1160 2134 Deus
1183 2071 1483 2134 naturam
1518 2065 1855 2144 informet,
1887 2070 1961 2132 ut
1985 2066 2199 2134 anima
2222 2088 2369 2135 cor-

353 2190 473 2261 pus
505 2173 831 2262 nostrumf,
865 2175 955 2243 N.
987 2174 1142 2244 Ant.
1180 2172 1485 2256 Quamvis
1509 2194 1807 2243 concesso
1842 2174 2032 2242 etiam
2059 2173 2184 2243 hoc
2206 2175 2370 2243 ulti-

354 2298 463 2347 mo
484 2301 677 2349 sensu
699 2280 1110 2350 antecedente
1143 2280 1288 2349 duae
1326 2288 1556 2349 ‘tamen
1598 2280 1903 2348 distinctae
1931 2287 2138 2349 essent
2173 2282 2369 2351 subs-

352 2387 564 2459 tantiae
581 2439 601 2470 ,
645 2387 757 2458 sed
794 2409 940 2481 quae
973 2388 1167 2458 simul
1194 2390 1436 2480 junctae
1471 2408 1685 2457 unum
1726 2387 2126 2459 solummodo
2156 2392 2364 2460 totum

350 2494 687 2586 physicum
725 2498 1049 2567 efficerent
1091 2496 1255 2589 (1),
1301 2497 1398 2565 uti
1445 2496 1666 2565 anima
1713 2500 1927 2564 nostra
1955 2499 2048 2563 est
2076 2493 2365 2567 distincta

352 2605 695 2675 substantia
740 2627 782 2675 a
826 2627 1088 2698 corpore
1110 2656 1130 2686 ,
1161 2604 1275 2675 sed
1312 2627 1467 2674 cum
1510 2625 1589 2674 eo
1632 2625 1851 2673 unum
1893 2610 2099 2674 totum
2146 2606 2357 2677 efficit.

293 2698 307 2720 '
352 2709 554 2782 Priori
574 2736 728 2783 vero
749 2734 941 2782 sensu
963 2711 1313 2782 absurdum
1332 2718 1447 2792 est,
1467 2711 1682 2781 Deum
1703 2718 2001 2781 naturam
2023 2718 2316 2783 naturare
2337 2743 2355 2785 ε

361 2846 395 2885 α
426 2823 616 2901 Quem
636 2822 815 2890 enim
846 2833 976 2889 tam
1019 2834 1310 2889 amentem
1336 2843 1454 2887 esse
1479 2832 1669 2910 putas
1684 2870 1707 2901 ,
1742 2821 1829 2888 ait
1852 2819 2072 2889 Cicero
2097 2821 2181 2914 (2)
2198 2873 2224 2905 ,
2254 2826 2365 2913 qui

351 2929 513 2995 illud
532 2980 549 3008 ,
581 2950 697 3018 quo
728 2930 1007 3005 vescitur,
1032 2929 1228 2996 Deum
1241 2929 1379 3013 {esse
1419 2928 1650 2995 credat.
1671 2949 1710 2992 5»
1748 2924 1949 2995 Porro
1974 2928 2028 2995 si
2066 2926 2242 2997 Deus
2269 2937 2364 2998 est

353 3037 504 3124 quid
552 3057 763 3106 unum
816 3056 969 3105 cum
1017 3035 1248 3103 natura
1293 3034 1594 3102 universa
1616 3048 1646 3114 ,“
1673 3052 1813 3102 non
1867 3054 1995 3123 quo
2043 3035 2363 3103 vescimur

351 3144 558 3213 solum
574 3196 593 3224 ,
627 3143 756 3237 ‘sed
782 3143 956 3238 quod
987 3165 1362 3214 execramur
1378 3194 1397 3224 ‚
1439 3142 1614 3234 quod
1642 3162 1931 3213 secamus
1950 3194 1974 3224 ‚
2022 3142 2199 3234 quod
2219 3145 2360 3212 uri·

407 3384 480 3453 (1)
509 3385 618 3438 Hoc
640 3397 788 3438 sensu
823 3387 975 3440 etiam
988 3386 1322 3452 'pantheistioo
1346 3385 1633 3450 Philosophi
1661 3383 2009 3436 timeo-Ionici
2041 3386 2201 3435 totum
2239 3385 2359 3437 uni-

347 3478 547 3520 versum
565 3470 969 3534 considerarunt3
996 3471 1260 3521 materiam
1282 3474 1520 3520 aeternam
1543 3483 1575 3519 a
1600 3467 1775 3531 spiritu
1795 3467 1962 3516 divino
1984 3464 2253 3515 animatam
2277 3478 2358 3516 as·

350 3554 617 3607 sumentes.
652 3553 743 3605 Ast
761 3552 817 3602 hi
838 3566 928 3615 per
944 3551 1244 3602 fatalismum
1279 3552 1548 3602 refutatum
1577 3549 1778 3601 refutati
1797 3550 1848 3598 et
1885 3545 1977 3609 ipsi
2007 3548 2142 3600 sunt.
2171 3543 2362 3599 Εοᾶειιι

338 3631 450 3696 ¹fere
469 3644 619 3682 sensu
638 3633 790 3684 etiam
809 3631 959 3683 Stoici
974 3635 1136 3683 totum
1154 3633 1250 3682 hoc
1267 3632 1556 3683 universum
1591 3633 1831 3692 tanquam
1852 3625 2057 3678 'animal
2080 3624 2355 3679 universate

351 3716 647 3774 spectarunt.
682 3712 813 3765 Vide
843 3712 1052 3777 sxnope.
1088 3713 1206 3768 hist.
1225 3711 1349 3776 phil.
1376 3711 1574 3767 Pet-iod.
1592 3710 1636 3763 1.
1664 3711 1793 3764 sect.
1811 3712 1863 3764 2.
1895 3711 1956 3760 1⁰
1980 3706 2124 3764 Pau..
2166 3721 2353 3763 mmm.

340 3795 402 3846 ὀἱ
419 3796 479 3842 a·
496 3792 552 3847 C.
574 3794 718 3849 Pam.
744 3794 941 3846 Amen
957 3805 1259 3846 mssotuno.

431 3886 482 3953 Ξ)
503 3888 578 3940 De
597 3891 777 3942 natur·
793 3887 1029 3958 Deorum,
1052 3887 1159 3944 Lib.
1188 3890 1236 3946 3,
1261 3899 1366 3953 cap.
1391 3889 1475 3945 16.

550 3982 596 4033 ιι
1589 3963 1596 3972 ’
1987 3951 2029 4030 5
