2988 4832
1168 516 1302 593 233

239 608 483 715 movere
510 629 748 741 possint
764 630 979 723 Teum
1007 644 1291 715 retrahat
1311 621 1357 724 ἶ
1384 632 1470 714 ἑὸ
1490 627 1707 734 'proin‘
1736 643 1798 710 et
1845 636 2241 709 subdstorum

238 750 302 819 in
330 752 642 843 principes
679 751 1076 821 observantia
1113 756 1176 819 et
1208 751 1583 842 'principum
1614 750 1687 842 in
1728 746 2006 817 subditos
2032 752 2242 852 pater-

240 879 354 924 nus
381 878 563 951 amor
587 860 863 952 periret,
897 859 1002 927 lex
1037 856 1309 927 fortioris
1334 862 1493 926 esset
1514 858 1614 941 ius
1633 853 1971 948 publicum
1997 903 2018 932 ‚
2055 854 2178 923 etc.

238 987 431 1056 ergo..
1837 988 1842 991 ·

317 1114 506 1182 Prob.
544 1115 611 1183 2⁰
640 1114 741 1183 Ex
765 1134 989 1183 mvmxs
1018 1132 1368 1182 ,mmmm-13
1391 1163 1407 1190 ‚
1444 1117 1508 1180 et
1536 1110 1799 1202 quidem

319 1274 384 1342 1⁰
412 1273 526 1342 Ex
563 1275 882 1339 sanctitate
914 1274 1152 1338 divina.
1197 1269 1452 1338 Etenim
1496 1291 1632 1337 non
1681 1274 1886 1362 potest
1916 1262 2091 1341 Deus
2125 1293 2242 1365 pro

235 1380 340 1453 sua
385 1380 707 1449 sanctitate
736 1364 1070 1447 efficaciter
1109 1377 1404 1446 homines
1430 1399 1470 1444 a
1503 1378 1733 1445 virtute
1764 1380 2087 1450 retrahere
2109 1433 2127 1456 ,
2179 1387 2244 1450 et

235 1491 308 1562 ad
337 1490 563 1560 vitium
582 1487 908 1580 impellere
935 1513 953 1557 z
987 1487 1198 1576 atqui,
1234 1485 1357 1554 nisi
1382 1485 1462 1554 sit
1492 1484 1691 1555 altera
1718 1486 1876 1566 vita,
1908 1485 2085 1556 Deus
2102 1493 2243 1579 effi-

235 1602 447 1667 caciter
481 1619 521 1666 a
546 1597 777 1665 virtute
804 1594 1152 1663 retraheret
1179 1599 1243 1661 et
1267 1591 1350 1660 ad
1379 1592 1605 1661 vitium
1642 1593 2024 1683 impelleret.
2070 1596 2241 1666 Nam

235 1696 395 1777 Deus
433 1702 683 1772 homini
714 1700 937 1770 indidit
965 1700 1252 1768 naturale
1275 1706 1339 1768 et
1366 1700 1586 1767 efficax
1611 1699 1996 1772 desiderium
2031 1703 2243 1772 felici-

237 1811 366 1880 tatis
385 1862 412 1891 ,
453 1809 623 1901 quod
649 1809 874 1887 homo,
913 1814 1056 1876 utut
1087 1808 1271 1887 velit,
1317 1827 1544 1875 exuere
1575 1830 1712 1876 non
1736 1815 1941 1899 potest
1970 1835 1987 1879 ε
2030 1813 2237 1903 atqui,

144 1966 150 1976 -
237 1922 346 1990 nisi
370 1920 452 1988 sit
484 1919 680 1987 altera
706 1918 869 1997 vita,
909 1917 979 1985 in
1006 1917 1134 2007 qua
1176 1917 1377 1984 virtus
1403 1916 1767 1984 mercedem
1793 1968 1809 1996 ,
1859 1920 2087 1988 vitium
2117 1921 2242 1989 de-

236 2021 427 2092 bitam
448 2046 710 2115 poenam
733 2023 991 2115 accipiat
1008 2075 1030 2112 ,⁶
1060 2022 1257 2090 homo
1286 2023 1608 2091 minorem
1640 2046 1718 2090 ex
1745 2024 1992 2092 virtutis
2020 2028 2197 2116 praxi
2214 2076 2235 2103 .

239 2139 293 2200 et
319 2135 631 2224 majorem
658 2155 735 2201 ex
758 2131 920 2201 vitiis
963 2114 1453 2220 consedueretur
1490 2131 1883 2219 voluptatem
1925 2138 1989 2198 et
2029 2132 2235 2202 felici-

238 2245 417 2309 tatem
440 2292 457 2320 ,
505 2261 655 2308 cum
688 2259 941 2307 necesse
979 2239 1056 2305 sit
1075 2287 1096 2316 ‚
1144 2243 1217 2304 ut
1258 2259 1482 2305 omnes
1509 2287 1525 2314 ‚
1575 2239 1687 2325 qui
1726 2239 1827 2328 pie
1857 2239 2086 2307 volunt
2130 2243 2239 2310 vi·-

238 2367 371 2415 vere
392 2395 412 2428 ,
463 2345 582 2413 sibi
630 2347 764 2415 vim
803 2344 1079 2413 inferant
1096 2396 1112 2423 ‚
1156 2344 1376 2412 multis
1415 2343 1655 2413 deliciis
1702 2347 2120 2427 renuntient,
2174 2353 2240 2416 et

238 2455 453 2546 saepius
481 2454 921 2545 improborum
943 2453 1248 2522 invidiam
1268 2503 1289 2532 ,
1327 2450 1548 2521 odium
1569 2504 1585 2531 ,
1623 2445 1976 2521 calumnias
2006 2460 2069 2522 et
2096 2477 2239 2546 per-

237 2564 576 2631 secutiones
608 2561 938 2630 incurrant
985 2588 1001 2631 ε
1056 2560 1216 2631 dum
1268 2565 1489 2631 contra
1530 2562 1577 2629 ii
1602 2609 1620 2640 ,
1671 2562 1785 2651 qui
1837 2561 2043 2632 scelus
2089 2586 2239 2632 sec-

234 2672 439 2737 tantur
455 2719 477 2748 ‚
515 2669 731 2736 multis
779 2689 845 2737 se
888 2668 1212 2737 laboribus
1259 2674 1325 2736 et
1367 2668 1564 2737 taediis
1614 2669 1990 2739 subtrahant
2019 2699 2036 2752 ;
2081 2693 2236 2764 ergo

232 2771 419 2842 homo
470 2797 548 2844 ex
585 2776 802 2844 innato
856 2776 1161 2845 felicitatis
1205 2775 1512 2846 desiderio
1556 2784 1901 2847 sectaretur
1955 2780 2182 2849 vitium
2209 2832 2228 2859 ,

234 2879 521 2972 adeoque
535 2880 704 2951 Deus
727 2881 1059 2953 efficaciter
1085 2905 1126 2951 a
1157 2884 1387 2952 virtute
1418 2884 1766 2952 retraheret
1793 2891 1856 2953 et
1875 2885 1967 2958 aad
2007 2887 2235 2960 vitium

235 2984 605 3081 impelleret.

317 3161 384 3229 2⁰
414 3162 530 3229 Ex
566 3164 867 3253 sapientia
908 3162 1144 3230 divina.
1190 3159 1359 3229 Nam
1389 3162 1689 3253 sapientia
1720 3168 1909 3255 exlgit
1934 3215 1968 3242 ,⁴
1997 3173 2070 3233 ut
2100 3187 2237 3236 me-

239 3265 331 3336 dia
370 3279 776 3340 assumantur
816 3271 934 3339 fini
983 3272 1226 3338 intento
1273 3273 1786 3360 proportionata3
1828 3295 1981 3364 ergo
2009 3325 2026 3352 ‚
2081 3296 2234 3343 cum

234 3369 422 3455 DeuS,
457 3376 629 3469 leges
645 3377 1012 3447 hominibus
1037 3377 1454 3467 imponend0‚
1490 3378 1993 3447 observationem
2010 3401 2235 3451 earum

230 3480 542 3563 intendat,
580 3485 881 3577 sapientia
899 3488 1033 3575 ejus
1059 3487 1283 3576 exigit,
1319 3492 1391 3553 ut
1414 3486 1627 3556 media
1654 3496 1935 3558 assumat
1955 3513 2235 3581 praecep-

232 3594 446 3659 torum
495 3594 838 3664 moralium
889 3593 1307 3663 observationi
1354 3598 1813 3687 consequendae
1870 3601 2248 3689 proportio-.

189 3775 196 3782 ·
234 3704 376 3766 nata
403 3724 423 3769 ε
449 3703 624 3790 atqui
646 3704 697 3771 si
717 3706 856 3794 post
874 3709 1252 3794 praesentem
1272 3704 1466 3771 vitam
1489 3706 1684 3773 altera
1715 3713 1847 3774 non
1874 3707 1952 3773 sit
1980 3708 2225 3787 futura,
2333 3798 2338 3804 ο
2397 3781 2402 3788 ,

235 3798 406 3873 Deus
437 3806 801 3899 hujusmodi
834 3811 1042 3879 media
1069 3834 1203 3879 non
1229 3814 1562 3902 assumpsit
1591 3809 1899 3903 siquidem
1929 3816 2223 3904 aequalia,

235 3908 364 4002 imo
391 3918 631 4007 majora
661 3921 850 3992 etiam
881 3920 1052 3991 bona
1070 3920 1291 4013 legum
1322 3942 1583 4004 suarum
1608 3922 1962 3992 infractioni
1983 3978 1998 4004 ‚
2034 3949 2229 4016 quam
