2988 4832
1105 515 1160 583 ,ιμ’
1558 494 1589 558 1
1602 491 1685 558 68

610 606 732 678 hoe
768 606 1041 696 systema
1071 595 1275 694 quivis
1287 588 1498 671 status
1529 600 1762 667 animae
1795 587 1932 666 noh
1959 590 2031 664 in
2062 580 2324 684 001·ΡοΥέ
2353 589 2464 658 aut
2491 565 2623 681 ejus

609 709 1011 792 motionibus,
1048 712 1203 781 sed
1184 732 1255 780 1n
1283 706 1701 802 praecedenti
1695 710 1860 774 statu
1889 704 2122 772 animae
2151 702 2464 770 rationem
2490 696 2630 767 sus-

611 822 927 896 finientem
970 818 1210 888 habet.
1253 817 1431 908 atqui
1461 815 1651 885 multi
1680 819 1874 885 status
1899 813 2134 881 animae
2154 808 2469 879 rationem
2495 824 2635 876 suas

606 927 985 998 existentiae
966 950 1035 996 ιιι
1057 925 1441 1018 preecedenti
1463 923 1700 992 habere
1727 923 2083 1014 nequeunt.
2109 915 2240 988 sic.
2269 939 2336 987 v,
2363 937 2432 1008 g.
2460 919 2633 985 certe

609 1043 803 1107 status
846 1037 1070 1121 somni
1091 1058 1226 1104 non
1259 1033 1328 1102 in
1365 1037 1533 1102 statu
1575 1031 1829 1123 vigiliae,
1884 1027 2119 1098 doloris
2163 1048 2301 1095 non
2345 1025 2417 1093 in
2463 1025 2635 1092 statu
2694 1040 2700 1046 ·

605 1144 827 1225 gaudii
852 1150 977 1217 etc.
1012 1145 1327 1213 rationem
1364 1141 1578 1218 habet,
1628 1145 1692 1208 et
1733 1160 1888 1208 cum
1931 1161 2009 1208 ex
2054 1136 2285 1205 Lexieo
2324 1152 2631 1227 percurro

610 1254 724 1322 has
740 1270 809 1322 v.
838 1275 906 1345 g.
933 1252 1123 1331 ideas,
1155 1251 1397 1329 Aaron,
1428 1246 1754 1327 AristideS‚
1786 1244 2212 1338 Bucephalus,
2244 1241 2454 1312 Caesar
2473 1242 2635 1318 etc..'

612 1359 867 1429 totidem
903 1359 1130 1428 diversi
1166 1364 1314 1428 sunt
1353 1362 1548 1427 status
1583 1357 1858 1434 animae,
1842 1381 1865 1401 ·
1903 1355 2045 1445 quis
2076 1357 2293 1422 autem
2322 1371 2398 1420 eo
2428 1368 2639 1439 usque

541 1471 543 1473 ’
609 1466 888 1560 desipiat,
923 1473 995 1534 ut
1024 1467 1211 1544 dieat,
1256 1466 1466 1535 ideam
1501 1461 1835 1532 Aristidis
1816 1483 1887 1529 m
1920 1460 2064 1528 idea
2089 1457 2382 1536 Aaronis,
2419 1455 2633 1525 ideam

609 1575 917 1645 Caesaris
898 1596 970 1644 1n
991 1573 1422 1750 Buoephali„
1366 1579 1489 1642 etc.
1522 1571 1837 1642 rationem
1860 1567 2288 1639 sufficientem
2314 1585 2447 1634 suae
2475 1584 2641 1634 exis·

558 1654 838 1751 ⁰tentiae
845 1680 1120 1762 habere;
1156 1704 1363 1772 ergo..

698 1843 769 1912 3⁰
806 1843 992 1910 Tollit
1015 1866 1247 1911 omnem
1269 1845 1626 1912 libertatem.
1655 1841 1734 1910 ln
1771 1842 1898 1910 hoe
1928 1843 2107 1910 enim
2135 1845 2465 1932 systemate
2487 1841 2635 1909 ani-

602 1971 720 2022 ma
733 1951 817 2019 ita
833 1950 963 2041 agit
978 1951 1048 2017 in
1068 1950 1225 2018 serie
1248 1951 1572 2029 continua,
1597 1955 1672 2018 ut
1701 1955 1895 2019 status
1920 1947 2300 2027 antecedens
2315 1947 2647 2019 contineat:

606 2060 924 2138 rationem
960 2058 1385 2143 sufficientem
1422 2057 1862 2149 subsequentis
1893 2109 1910 2137 ‚
1945 2079 2058 2126 seu
2081 2061 2160 2124 ut
2199 2056 2411 2147 quivis
2441 2061 2640 2125 status

609 2166 843 2234 animae
860 2215 882 2245 ‚
927 2169 1001 2233 ut
1018 2163 1298 2254 loquitur
1321 2161 1728 2245 LeibnitziuS,
1773 2164 1849 2233 sit
1863 2162 2161 2255 gravidus
2181 2165 2393 2232 futuro
2423 2192 2440 2247 ς
2480 2183 2641 2254 ergo

608 2272 809 2364 posito
845 2275 1009 2338 statu
1043 2272 1258 2372 'primo
1293 2271 1530 2339 anirnae
1556 2292 1782 2341 omnes
1809 2270 2048 2360 reliqui*
2070 2270 2264 2340 totius
2291 2270 2443 2340 vitae
2461 2269 2533 2339 in
2557 2292 2641 2338 eo

567 2398 572 2403 ·
612 2384 917 2502 tanquam
930 2378 1000 2466 in
1014 2380 1129 2446 sua
1142 2374 1355 2448 radice
1373 2384 1723 2471 ponuntur,
1743 2376 2029 2471 adeoque
2048 2379 2262 2451 omnis
2279 2377 2496 2449 voIItio
2529 2376 2648 2449 vel

612 2485 832 2555 nolitio
870 2485 943 2553 in
987 2484 1491 2578 praecedentibus
1522 2487 1660 2577 jam
1699 2487 1786 2554 ita
1827 2486 2247 2555 determinata
2271 2492 2384 2567 est,
2413 2492 2484 2556 ut
2506 2508 2647 2556 ne-

614 2615 737 2684 que
757 2592 893 2684 ipsa
912 2592 1140 2672 omitti,
1165 2613 1374 2685 neque
1392 2594 1707 2662 contraria
1726 2593 1881 2684 poni
1902 2594 2133 2685 possit.
2158 2595 2335 2687 atqui
2354 2594 2478 2665 hoc
2496 2592 2645 2664 des-

612 2698 807 2795 truit
786 2718 993 2791 ipsam
1010 2703 1349 2771 essentiam
1363 2700 1699 2782 libertatis3
1724 2721 1960 2792 ergo..
2651 2711 2658 2721 ·

698 2857 980 2932 chtmr·
1008 2861 1075 2931 1·
1097 2860 1332 2932 Seriem
1354 2861 1715 2933 volitionum
1737 2886 1874 2933 eum
1891 2855 2102 2955 primo
2129 2874 2299 2933 statu
2326 2863 2402 2934 ab
2422 2864 2655 2933 anund.

608 2970 857 3040 electam
898 2992 1039 3041 esse.
1073 2968 1338 3060 ‘Verum
1375 2970 1598 3041 electio
1630 2971 1771 3041 fieri
1807 2973 2029 3064 nequit
2068 2973 2205 3042 sine
2242 2968 2647 3063 praecedente

611 3070 1053 3176 perceptione(
1074 3100 1220 3172 quae
1252 3078 1389 3170 ipsa
1409 3084 1505 3149 est
1540 3084 1735 3150 status
1765 3082 2021 3162 animae3
2049 3102 2203 3174 ergo
2224 3102 2348 3150 nec
2377 3078 2529 3173 eligi
2552 3078 2657 3174 ah

614 3185 832 3259 anima
858 3187 1061 3279 potuit
1105 3188 1354 3279 primus
1393 3194 1613 3257 status.
1658 3186 1829 3256 Dein
1873 3187 2018 3256 dato
2070 3189 2297 3267 etiam,
2351 3186 2657 3257 animam.

612 3289 899 3384 primum
922 3299 1155 3362 statum
1195 3294 1491 3386 elegisse,
1522 3315 1656 3363 non
1686 3300 2018 3385 propterea
2055 3293 2286 3386 reliqui
2322 3298 2518 3366 status
2538 3295 2657 3370 sui

615 3421 694 3469 ex
720 3422 797 3472 eo
815 3402 1190 3471 evolvendi
1172 3403 1290 3494 1psi
1314 3402 1500 3471 liberi
1528 3405 1755 3480 essent,
1780 3401 1905 3469 nisi
1918 3421 2026 3470 eos
2039 3401 2208 3470 clare
2229 3400 2655 3496 praeviderit:

618 3510 798 3599 atqui
828 3528 1054 3578 omnes
1091 3531 1168 3579 ex
1194 3510 1405 3602 primo
1426 3508 1872 3584 subsecuturos
1913 3514 2110 3608 status
2134 3507 2479 3603 praevidere
2501 3528 2645 3581 non

622 3614 852 3704 potuit·
887 3629 1123 3707 ergo...
2450 3649 2455 3650 f

708 3760 946 3839 Ducum
982 3791 1000 3838 z
1046 3766 1115 3838 2⁰
1144 3769 1360 3839 Solum
1388 3770 1791 3860 perceptiones
1826 3771 2186 3860 posteriores
2215 3792 2296 3838 ex
2318 3768 2648 3861 prioribus

618 3873 810 3968 sequi.
836 3871 1088 3952 Verum
1109 3876 1190 3954 ad
1211 3883 1444 3955 statum
1478 3878 1710 3980 animae
1750 3878 2066 3978 imprimis
2100 3878 2420 3977 pertinent
2445 3880 2644 3952 etiam
