2988 4832
446 607 517 678 2⁶
559 609 780 681 Atomi
804 610 983 689 istm.
1022 611 1242 704 utpote
1266 492 1539 703 ungulae
1567 606 2054 687 seorsim-finitae
2090 621 2155 680 et
2189 614 2374 683 mnu-5

349 717 651 814 tipliciter
691 717 1145 793 modificabiles
1175 737 1314 793 non
1339 721 1606 812 possunt
1632 738 1766 789 esse
1792 742 1838 791 a
1856 743 1919 793 oe
1937 769 1960 801 .
2007 740 2132 793 nee
2152 741 2376 793 essen-

351 826 589 908 tialiter
611 848 727 899 seu
743 827 812 899 vi
828 826 1118 899 essentiae
1143 846 1277 899 suae
1297 828 1526 897 moveri
1548 846 1627 897 ex
1656 827 1858 919 capite
1880 829 2283 922 praecedenti.

443 964 519 1037 3·
558 964 778 1036 Atomi
803 967 938 1035 istae
978 987 1104 1034 non
1136 964 1393 1057 poem
1422 986 1544 1034 esse
1574 986 1829 1035 numero
1867 966 2161 1056 infinitoe.
2207 964 2376 1039 Nam

353 1093 678 1143 numerus
700 1073 990 1143 infinitus
1022 1078 1341 1164 repugnat
1376 1072 1448 1143 in
1473 1093 1542 1142 se
1560 1123 1584 1154 ‚
1614 1078 1681 1142 et
1705 1072 1857 1161 dein
1880 1073 2079 1145 atomi
2100 1096 2375 1147 numero

353 1182 627 1251 infinitae
668 1185 817 1250 actu
852 1181 1182 1251 existentes
1218 1180 1493 1271 spatium
1535 1200 1650 1251 seu
1691 1200 1951 1251 vacum
1998 1182 2189 1251 etiam
2230 1189 2377 1253 actu

354 1289 686 1357 infinitum
734 1309 992 1379 prorsus
1039 1287 1361 1380 replerent
1382 1336 1401 1367 ,
1442 1286 1729 1378 adeoque
1770 1309 2041 1359 omnem
2091 1294 2370 1369 motum,

356 1397 477 1487 qui
517 1395 600 1464 ad
626 1396 1074 1466 formationem
1113 1395 1346 1465 mundi
1369 1416 1719 1485 rerumque
1751 1395 2233 1464 mundanarum
2265 1419 2378 1465 ne·-

357 1504 629 1575 cessario
659 1503 1004 1594 requiritur
1024 1553 1043 1583 ‚
1068 1501 1352 1573 absolute
1384 1502 1843 1593 impossibilem
1863 1497 2223 1574 redderent.
2250 1504 2379 1574 Sed

448 1653 523 1720 4·
564 1650 780 1721 Atomi
823 1653 958 1721 istae
984 1673 1166 1741 neque
1186 1662 1440 1742 possunt
1480 1674 1598 1717 esse
1642 1672 1891 1718 nuntero
1923 1654 2143 1744 fimtoe.
2207 1649 2377 1720 Nam

358 1781 519 1829 cum
556 1781 635 1828 ex
671 1758 1008 1850 hypothesi
1049 1750 1244 1848 h'ujus
1286 1757 1638 1847 systematis
1680 1762 1888 1826 essent
1916 1781 1958 1825 a
1991 1780 2053 1824 se
2095 1756 2379 1848 adeoque

357 1866 609 1937 infinite
641 1868 933 1957 persectae
977 1887 1091 1934 seu
1114 1865 1475 1934 realissimae
1503 1915 1521 1944 ‚
1566 1864 1632 1931 vi
1667 1864 2086 1954 possibilitatis
2115 1886 2244 1932 suae
2267 1885 2378 1932 seu

358 1998 440 2044 eo
477 1976 613 2067 ipso
644 1975 977 2043 existerent
1002 1980 1035 2054 ,”
1054 1973 1230 2064 quod
1258 1974 1508 2041 interne
1530 1970 1855 2064 possibiles
1888 1976 2095 2041 essent
2123 1969 2205 2061 (1)
2237 1996 2253 2039 ε
2289 1975 2380 2039 at-

360 2083 480 2175 qui
530 2082 712 2151 nulla
743 2087 837 2151 est
863 2083 1021 2150 ratio
1040 2132 1058 2160 ‚
1116 2102 1234 2150 cur
1264 2078 1332 2148 id
1350 2082 1381 2160 ‚'
1410 2079 1582 2170 quod
1613 2078 1852 2169 pluries
1899 2078 2151 2146 interne
2178 2075 2378 2168 possi-

356 2190 491 2259 bile
536 2195 651 2269 est,
683 2188 854 2258 ultra
878 2195 1127 2257 certum
1156 2206 1506 2258 numerum
1550 2190 1746 2254 cesset
1776 2207 1910 2254 esse
1937 2184 2189 2252 interne
2220 2203 2379 2273 pos-

358 2299 542 2371 sibile
570 2329 588 2381 3
633 2322 787 2391 ergo
830 2297 1212 2366 indefinities
1242 2293 1538 2387 possibile
1573 2295 1731 2372 erit,
1779 2298 1842 2361 et
1890 2314 2042 2362 eum
2067 2292 2132 2360 id
2153 2344 2170 2371 ‚
2208 2296 2380 2384 quod

355 2411 513 2477 'actu
558 2411 622 2476 et
648 2407 715 2476 vi
741 2405 1023 2476 essentiae
1061 2425 1191 2473 suae
1217 2400 1462 2481 existit,
1499 2422 1635 2470 non
1674 2401 1866 2493 possit
1893 2422 2026 2469 esse
2073 2400 2380 2470 indefini—

358 2518 507 2584 tum
526 2566 545 2594 ‚
586 2515 871 2606 sequitur
893 2566 912 2594 ‚
952 2517 1195 2582 atomos
1218 2510 1360 2581 illas
1383 2508 1511 2577 hoc
1537 2510 1674 2599 ipso
1691 2557 1712 2588 ‚
1738 2508 1911 2602 quod
1941 2514 2379 2600 supponantur

359 2623 606 2714 plurem
642 2644 777 2691 non
812 2642 993 2714 posse
1038 2641 1174 2689 esse
1211 2631 1510 2689 numero?
1523 2616 1734 2704 finitas
1759 2664 1782 2696 .
1815 2614 1926 2687 sed
1958 2617 2066 2686 vel'
2096 2616 2379 2687 infinitas

354 2741 471 2810 'vel
500 2739 715 2809 nullas
744 2739 1004 2808 existere
1032 2731 1260 2829 posse.

453 2886 525 2957 5·
566 2884 788 2956 Atomi
813 2885 947 2954 istae
973 2906 1098 2953 non
1128 2892 1381 2974 possunt
1409 2863 1640 2951 'tabere'
1660 2879 1873 2948 variae
1897 2881 2159 2971 figuras.
2207 2875 2379 2948 Nam

357 2994 593 3085 figurae
640 2994 774 3064 istae
805 2996 1015 3063 essent
1040 2989 1269 3061 atomis
1289 2988 1397 3059 vel
1432 2988 1827 3064 accidemales
1869 2985 1975 3055 vel
2001 2986 2336 3053 essentiales
2352 3009 2377 3053 .·

364 3107 546 3196 atqui
574 3110 883 3182 neutrum
907 3101 1036 3173 dici
1054 3102 1278 3192 potest.
1317 3098 1462 3169 Non
1479 3098 1663 3189 prius
1687 3118 1713 3177 ,-
1741 3095 1894 3186 quia
1934 3114 2049 3164 ens
2082 3114 2380 3162 necessa-

364 3213 541 3283 rium
572 3216 638 3282 et
679 3235 723 3279 a
753 3233 813 3278 se
833 3207 997 3280 nihil
1023 3203 1227 3300 potest
1249 3203 1485 3275 habere
1536 3200 1946 3273 accidentale.
1992 3203 2137 3271 Non
2170 3211 2382 3290 poste-

366 3321 548 3400 rium
572 3319 722 3410 quia
739 3315 1086 3387 substantia
1105 3312 1414 3405 {quaelibet
1458 3315 1713 3380 extensa
1756 3329 1834 3378 ex
1881 3308 2017 3400 ipso
2066 3310 2380 3398 conceptu

364 3447 505 3497 suo·
527 3431 623 3496 est
639 3424 1002 3494 indifferens
1023 3421 1107 3492 ad
1137 3422 1307 3491 hanc
1334 3419 1439 3490 vel
1469 3417 1551 3486 ad
1568 3417 1748 3488 illam
1769 3415 2070 3507 figuram.
2111 3410 2379 3505 Insuper

364 3535 649 3625 figuram
667 3533 855 3606 istam
881 3530 1191 3604 haberent
1233 3548 1459 3598 omnes
1492 3546 1573 3596 ex
1623 3523 1896 3596 essentia
1931 3520 2154 3593 eadem
2175 3569 2196 3602 ,
2228 3519 2275 3591 i.
2307 3527 2371 3590 e.

368 3662 453 3713 ex
481 3643 732 3716 aseitate
758 3670 777 3728 ς
806 3662 976 3735 ergo
999 3646 1063 3712 et
1090 3639 1298 3733 figura
1324 3635 1549 3708 eadem
1569 3655 1702 3720 esse
1725 3629 2002 3704 deberet.

439 3860 510 3926 (1)
539 3861 667 3915 Vide
688 3860 849 3916 Ontol.
874 3859 1005 3914 Part.
1044 3858 1103 3912 11.
1129 3856 1256 3914 Sect.
1285 3859 1332 3907 2.
1374 3855 1493 3917 Cap.
1526 3856 1575 3906 1.
1604 3852 1754 3917 Prop.
1776 3847 1847 3901 11.
1880 3850 1932 3901 et
1961 3846 2046 3907 m.
2065 3847 2184 3915 Peg.
2203 3847 2296 3897 233
2327 3845 2378 3894 et

376 3955 513 4009 ⁸011&-
