2988 4832
1274 496 1358 568 27

312 618 716 717 pantheismo
771 618 1124 704 moderno,
1183 620 1535 716 praesertim
1588 638 1741 690 cum
1797 610 2324 715 schellingiano,

315 734 447 802 fere
476 733 789 802 coincidat
827 732 937 824 (1).

401 883 590 953 Imm
631 905 956 955 noomuos
1001 882 1476 977 pantheismum
1523 884 1861 969 scientifice
1903 880 2174 955 stabilire
2206 905 2318 954 co-

308 997 506 1062 natus
535 997 633 1060 est
657 992 918 1083 Spinosa
946 992 1032 1084 (2)
1059 992 1355 1074 Judaeus;
1393 990 1669 1062 maxime
1704 1014 1781 1061 ex
1807 986 2128 1083 principiis
2155 990 2321 1062 Car-

316 1100 451 1169 tesii
478 1098 650 1169 male
670 1100 1017 1191 applicatis.
1046 1099 1153 1170 Ad
1171 1099 1498 1193 sequentia
1514 1099 1647 1172 fero
1674 1099 1877 1191 capita
1904 1104 2112 1169 totum
2127 1094 2319 1189 ipsius

314 1213 591 1298 systema
619 1207 841 1277 reduci
866 1213 1110 1299 potest·

406 1332 476 1404 1·
519 1332 839 1425 Quidquid
877 1337 1107 1418 existit,
1148 1336 1350 1407 existit
1375 1336 1499 1407 vel
1516 1338 1589 1405 in
1614 1360 1674 1405 se
1716 1335 1881 1405 vel
1848 1359 1921 1403 m
1948 1334 2098 1406 alio.
2145 1330 2322 1406 Nihil

315 1442 495 1511 enim
515 1443 774 1512 existere
793 1448 1030 1559 potest,
1061 1447 1235 1537 quod
1257 1468 1395 1516 non
1421 1447 1502 1515 sit
1527 1445 1633 1517 vel
1652 1445 1998 1515 substantia
2020 1444 2127 1516 vel
2142 1444 2318 1513 subs-

318 1551 534 1619 tantiae
561 1550 814 1621 modus.

403 1674 477 1746 2⁶
517 1674 790 1747 Existit
768 1701 839 1747 m
889 1680 1119 1749 natura
1145 1678 1489 1750 substantia
1538 1679 1886 1750 necessaria
1916 1683 1980 1747 et
2027 1682 2261 1747 aeterna
2289 1716 2312 1755 0

314 1800 464 1876 quae
495 1785 656 1890 sicut
685 1784 760 1853 in
781 1808 843 1854 se
860 1837 879 1867 ,
932 1787 1021 1857 ita
1047 1794 1110 1856 et
1125 1810 1241 1880 per
1265 1812 1326 1856 se
1357 1795 1473 1857 est.

407 1914 476 1991 '3⁶
517 1915 878 1991 Substantia
916 1920 1055 1992 haec
1074 1975 1091 2003 ,
1138 1944 1217 2026 ρο
1258 1920 1430 2014 quod
1458 1942 1580 1992 nec
1608 1945 1649 1991 a
1690 1940 1756 2000 se
1785 1940 1907 1992 nec
1950 1916 2033 1990 ab
2074 1918 2199 1990 alio
2234 1916 2319 1988 li-

315 2027 530 2110 mitari
556 2028 782 2121 possit,
824 2034 919 2099 est
950 2032 1317 2102 omnimode
1361 2030 1654 2113 infinita;
1706 2054 1860 2123 ergo
1891 2052 2113 2100 omnes
2143 2029 2212 2097 in
2252 2051 2318 2097 se

312 2134 727 2227 perfectiones
746 2189 765 2217 ,
803 2136 1142 2218 realitates‚
1178 2144 1242 2208 et
1271 2138 1426 2208 hinc
1450 2159 1677 2209 omnes
1704 2141 1896 2207 etiam
1922 2156 2144 2205 earum
2172 2157 2319 2204 mo-

313 2240 430 2312 dos
445 2295 465 2325 ,
498 2248 711 2337 utpote
734 2246 848 2338 qui
868 2251 1043 2316 extra
1062 2246 1474 2315 substantiam
1496 2267 1630 2319 esse
1652 2266 1786 2313 non
1809 2249 2103 2336 possunt,
2139 2262 2318 2312 com-

310 2351 648 2447 plectitur;
688 2376 842 2447 ergo
869 2358 1180 2446 tanquam
1209 2352 1505 2424 attributa
1548 2350 1894 2423 essentialia
1922 2347 2113 2419 habet
2143 2351 2321 2438 0092·-

311 2461 605 2531 tationem
629 2468 694 2531 et
719 2466 1141 2534 extensionem,

401 2592 473 2659 4⁰
516 2591 879 2662 Substantia
918 2592 1268 2663 necessaria
1293 2598 1357 2661 et
1374 2593 1632 2662 'infinita
1671 2592 1857 2663 datur
1887 2593 2080 2663 unica
2100 2645 2119 2674 ,
2174 2612 2320 2685 quae

307 2693 433 2767 Dei
471 2720 714 2769 nomen
742 2696 1006 2771 obtinet.

403 2825 472 2894 5⁰
513 2826 686 2919 Ergo
716 2828 1023 2920 quidquid
1065 2851 1197 2899 esse
1233 2830 1523 2914 videmus
1538 2883 1554 2910 ,
1591 2832 1662 2899 in
1706 2830 1841 2899 Deo
1885 2837 2017 2910 est,
2061 2838 2125 2899 et
2145 2814 2319 2899 extra

309 2930 527 3003 Deum
555 2930 720 3026 nihil
756 2958 925 3018 esse,
971 2935 1136 3005 nihil
1175 2938 1436 3029 cogitari
1477 2942 1681 3028 potest
1714 2941 1970 3029 propter
1996 2938 2134 3027 ejus
2160 2938 2322 3006 infi-

309 3043 579 3111 nitatem
618 3044 906 3134 primum
929 3095 949 3123 ,
993 3051 1059 3132 et
1100 3042 1252 3114 dein
1295 3040 1446 3136 quia
1493 3050 1809 3137 repugnat
1835 3094 1856 3127 ,
1903 3043 2319 3113 substantiam

305 3169 354 3217 a
392 3143 741 3221 substantia
782 3140 1073 3243 produci.
1725 3176 1729 3180 ⁴

403 3271 471 3345 6⁶
513 3271 688 3370 Ergo
734 3298 998 3373 corpora
1038 3281 1259 3351 omnia
1294 3299 1430 3355 non
1471 3284 1623 3351 sunt
1664 3281 1789 3353 nisi
1824 3277 2319 3353 modificationes

307 3386 509 3454 unius
534 3383 798 3458 infinitae
829 3384 1219 3470 substantiae,
1259 3396 1571 3481 quatenus
1615 3402 1899 3471 eaccensoe.
1940 3397 2005 3459 et
2029 3387 2277 3480 spiritus
2292 3441 2310 3467 ‚

308 3494 722 3588 cogitationes
739 3545 763 3581 ,
801 3497 1131 3571 volitiones
1170 3495 1336 3570 nihil
1361 3499 1486 3570 nisi
1509 3497 2004 3570 modificationes
2031 3495 2317 3591 ejusdem
2342 3531 2349 3551 ι

309 3820 359 3877 1:
357 3740 615 3889 xxip-
629 3744 859 3882 ἔπορε.
892 3746 1010 3802 hist.
1044 3748 1170 3814 pm·
1207 3747 1407 3806 period.
1437 3749 1508 3807 n.
1544 3751 1678 3814 socc.
1719 3752 1773 3813 t.
1810 3754 1870 3808 ιο
1904 3754 1960 3810 οι
1989 3747 2183 3812 varied.
2227 3741 2321 3888 nte

379 3905 457 3974 (2)
489 3906 661 3968 Eum
693 3921 834 3988 more
857 3912 1151 3983 qevmetrtco
1187 3912 1539 3973 dementit-ata.
1655 3927 1662 3934 ·
