2988 4832
1293 465 1421 539 289

360 579 711 662 conti-aria,
738 587 817 651 vi
842 599 912 673 g.
942 591 1115 651 unus
1142 571 1588 661 existentiam‘ss’
1607 576 1770 650 alter
1802 563 2367 652 nonsse'xistentiam

355 689 608 770 mundi,
642 688 928 780 adeoque
956 690 1183 759 saltem
1210 712 1289 761 ex
1318 690 1548 760 natura
1580 690 1697 759 suu
1743 709 1880 758 non
1908 692 2117 758 essent
2142 688 2225 757 ab
2254 690 2369 758 in-

351 800 565 869 vieem
607 797 1107 892 independentes
1133 849 1153 879 ,
1186 798 1473 890 adeoque
1499 816 1626 868 nee
1642 887 1645 890 Ι
1659 816 1917 866 summe
1950 793 2210 886 perfecti
2247 815 2368 864 nee

353 905 485 977 Dii.

444 1055 516 1125 3·
561 1053 734 1126 Deus
763 1064 977 1150 utpote
1020 1079 1139 1129 ens
1185 1058 1668 1138 realissimumss
1700 1054 1901 1127 existit
1928 1051 2278 1125 necessario
2304 1055 2371 1124 vi

353 1163 772 1256 possibilitatis
821 1191 951 1238 suae
976 1167 1059 1262 (1)
1096 1197 1114 1251 ;
1171 1190 1327 1262 ergo
1377 1173 1474 1238 tot
1506 1166 1718 1238 solum
1745 1165 1852 1236 Dii
1884 1169 2149 1258 possunt
2195 1164 2368 1233 exis-

351 1278 489 1341 tere
505 1324 528 1353 ,
563 1279 718 1365 quot
748 1280 899 1344 sunt
950 1276 1272 1368 possibiles
1306 1303 1324 1346 ε
1367 1276 1545 1369 atqui
1574 1273 1887 1368 possibilis
1934 1295 2071 1343 non
2121 1276 2218 1342 est
2246 1270 2370 1341 nisi

352 1379 582 1449 unicus
611 1408 629 1462 ς
680 1404 832 1474 ergo
861 1383 1091 1452 unicus
1124 1382 1326 1455 existit
1350 1381 1548 1456 Deus.

443 1530 634 1600 Proh.
660 1532 827 1602 Min.
851 1528 1017 1599 Nam
1037 1532 1088 1599 si
1106 1532 1320 1622 plures
1333 1532 1459 1599 sint
1476 1531 1823 1622 possibileS‚
1860 1528 2184 1621 possibiles
2220 1535 2369 1597 sunt

309 1723 318 1730 ⁶
350 1638 663 1726 indefiniti
707 1638 812 1707 vel
839 1639 1103 1727 infiniti,
1141 1659 1295 1707 eum
1324 1637 1389 1707 id
1410 1689 1429 1718 ,
1472 1638 1646 1728 quod
1680 1660 1759 1706 ex
1789 1659 1854 1705 se
1886 1660 2021 1706 non
2051 1642 2369 1729 repugnat

352 1744 612 1815 existere
653 1745 783 1823 bis,
825 1751 1026 1838 potest
1051 1752 1115 1814 et
1157 1751 1253 1814 ter
1279 1798 1296 1825 ,
1356 1751 1579 1836 quater
1597 1798 1615 1825 ,
1651 1746 1915 1826 millieS,
1981 1747 2366 1817 indefinities

354 1855 611 1922 existere
645 1878 662 1921 ε
692 1853 868 1943 atqui
877 1851 980 1921 Dii
1002 1874 1123 1922 nee
1142 1855 1456 1942 indefiniti
1483 1854 1743 1921 existere
1760 1858 2045 1945 possunt,
2082 1853 2232 1946 quia
2254 1874 2369 1922 ens
2413 1943 2416 1945 v

353 1961 679 2038 infinitum
706 1961 1056 2030 necessario
1086 1981 1339 2052 semper
1366 1959 1570 2038 existit
1599 1959 1881 2050 adeoque
1909 1981 2104 2029 omne
2123 1980 2238 2027 ens
2261 1959 2367 2026 in-

352 2068 610 2137 finitum
639 2120 656 2147 ,
691 2066 865 2159 quod
896 2068 1157 2137 existere
1187 2073 1391 2161 potest
1416 2120 1433 2147 ,
1463 2057 1611 2158 jam
1633 2073 1780 2135 actu
1827 2068 2072 2136 existit:
2103 2086 2224 2134 nec
2254 2068 2369 2131 in-

339 2175 527 2266 'finiti
551 2199 575 2255 ,-
625 2175 777 2267 quia
829 2194 1139 2244 numerus
1196 2181 1341 2243 actu
1415 2174 1704 2243 infinitus
1771 2178 2087 2266 repugnat
2138 2199 2156 2254 ς
2213 2194 2367 2262 ergo

352 2284 610 2353 nonnisi
628 2282 855 2352 unicus
880 2279 1053 2350 Deus
1082 2290 1174 2350 est
1197 2280 1507 2373 possibilis
1537 2280 1820 2373 adeoque
1848 2280 2111 2350 nonnisi
2138 2280 2369 2348 unicus

355 2392 579 2462 existit.

442 2541 678 2614 Dxctmr
712 2568 732 2612 ε
774 2542 1083 2632 hredibile
1130 2564 1263 2614 non
1294 2551 1423 2625 est,
1485 2550 1693 2615 totum
1749 2567 1956 2637 genus
2000 2544 2366 2614 humanum

356 2650 603 2718 tamdiu
633 2673 871 2722 errasse
900 2652 970 2721 in
998 2674 1069 2722 re
1104 2654 1262 2721 tanti
1303 2654 1661 2723 momenti:
1696 2654 1873 2746 atqui
1898 2676 2103 2746 genus
2129 2654 2366 2723 huma-

358 2779 520 2826 num
542 2759 750 2827 ferme*
775 2764 982 2828 totum
1009 2759 1262 2828 admisit
1281 2761 1497 2850 plures
1526 2760 1695 2831 Deos
1720 2788 1741 2844 ς
1773 2783 1930 2854 ergo
1957 2760 2115 2832 adeo
2139 2761 2367 2831 absur-

354 2865 513 2938 dum
542 2888 679 2937 non
704 2872 836 2947 est,
876 2868 1094 2958 plures
1117 2867 1285 2938 Deos
1325 2891 1460 2938 esse
1500 2869 1607 2938 vel
1631 2869 1856 2937 saltem
1883 2890 2017 2938 esse
2043 2890 2249 2962 posse.

442 3016 526 3088 R.
574 3019 662 3088 N.
715 3019 911 3109 Supp.
968 3019 1134 3108 Μαί.
1192 3017 1414 3108 Neque
1456 3019 1635 3088 enim
1691 3039 1922 3088 verum
1980 3025 2075 3090 est
2100 3071 2118 3100 ‚
2162 3027 2366 3093 totum

357 3125 487 3193 tere
536 3146 740 3216 genus
774 3121 1143 3194 'humanum
1184 3148 1420 3194 errasse
1453 3128 1525 3194 in
1570 3148 1707 3194 uno
1740 3125 1878 3195 Deo
1922 3126 2313 3201 admittendo
2343 3157 2362 3212 ς

356 3231 466 3303 sed
487 3237 707 3301 contra
733 3254 956 3302 omnes
967 3234 1206 3326 populi,
1243 3242 1382 3301 utut
1401 3237 1619 3326 plures
1638 3235 1805 3303 Deos
1828 3235 2131 3316 colerent,
2155 3256 2368 3305 unum

358 3347 580 3413 tamen
597 3361 966 3432 supremum
988 3394 1005 3420 ‚
1043 3342 1150 3411 eui
1182 3341 1411 3432 reliqui
1439 3340 1884 3421 subderentur,
1923 3341 2360 3424 admiserunt3

359 3447 530 3516 unde
551 3450 690 3539 jam
716 3446 1145 3518 Tertullianus
1178 3449 1259 3542 (2)
1284 3500 1300 3528 ,
1340 3456 1675 3541 postquam
1723 3451 2006 3528 dixisset,
2043 3450 2363 3542 quomodo

322 3596 330 3605 ·
358 3556 588 3648 pagani
611 3556 681 3626 in
709 3547 990 3650 periculo
1013 3556 1195 3651 positi
1218 3577 1351 3626 non
1374 3555 1562 3637 Deos,
1591 3556 1702 3626 sed
1730 3555 1941 3628 Deum
1968 3558 2358 3641 invocarent,

358 3768 490 3895 mg)
524 3768 685 3827 ontot.
704 3740 842 3825 Part.
883 3771 949 3827 Π.
972 3774 1106 3838 fsect.
1129 3777 1177 3826 2.
1207 3788 1313 3841 cap.
1339 3777 1385 3828 1.
1420 3773 1541 3842 Peg.
1576 3777 1668 3828 286
1713 3779 1763 3830 et
1795 3780 1963 3832 notum
2004 3777 2279 3843 praesertim
2311 3773 2365 3828 tn

421 3913 491 3986 β)
518 3916 771 3983 Apoloyet.
795 3919 911 3983 Cap.
935 3922 1013 3974 U.
1973 3987 2053 4058 2„

583 4001 624 4050 u
1391 4040 1392 4043 η
2017 4013 2057 4058 0
