2988 4832
1518 444 1728 527 4201

564 572 717 642 trari
737 568 995 662 'nequit
1019 568 1192 661 Ergo
1218 588 1470 643 necesse
1491 577 1588 642 est
1608 622 1629 652 ,
1662 575 1737 640 ut
1757 567 1943 638 detur
1970 572 2172 637 altera
2203 571 2357 648 vita,
2384 559 2585 659 utque

548 681 760 751 *homo
786 679 874 747 ita
899 676 1236 747 intrinsece
1257 678 1695 756 constituatur,
1719 686 1794 745 ut
1816 674 1899 744 ad
1918 676 2120 744 finem
2149 694 2342 745 suum
2369 675 2440 743 in
2460 673 2588 742 hac

564 786 692 855 vita
731 783 929 852 libere
966 781 1447 873 adimplendum
1483 783 1866 852 sufficienter
1906 782 2170 873 quidem
2213 781 2530 850 alliciatur
2558 829 2582 859 .

567 888 738 982 quod
764 889 818 957 si
837 911 990 958 vero
1013 888 1284 959 noluerit
1310 938 1329 969 ,
1387 889 1610 959 saltem
1644 888 1717 958 in
1758 890 1955 958 altera
1985 890 2118 958 vita
2144 889 2354 957 finem
2388 910 2587 957 suum

569 996 917 1079 necessario
944 996 1302 1086 adimpleat,
1319 995 1602 1087 adeoque
1627 996 1978 1066 necessario
2005 994 2222 1064 Deum
2242 999 2583 1085 eognoscat

569 1108 635 1172 et
660 1104 855 1172 amet.
905 1099 1088 1200 Sicut
1115 1101 1293 1170 enim
1318 1121 1423 1171 res
1442 1102 1681 1192 qumvis
1702 1153 1721 1182 ‚
1778 1101 1907 1171 hoc
1932 1103 2069 1194 ipso
2095 1154 2113 1181 ,
2174 1101 2348 1193 quod
2374 1105 2586 1170 ereata

570 1211 650 1280 sit
675 1231 716 1277 a
734 1207 871 1276 Deo
890 1207 1135 1278 infinite
1157 1206 1441 1299 sapienti,
1466 1209 1817 1279 necessario
1847 1213 2053 1278 ereata
2082 1213 2175 1277 est
2204 1212 2279 1276 ut
2297 1207 2586 1276 medium

571 1315 656 1384 ad
681 1314 881 1383 finem
917 1313 1197 1404 adeoque
1231 1334 1384 1383 cum
1410 1313 1751 1384 intrinseca
1782 1313 2159 1384 habitudine
2192 1318 2256 1385 et
2299 1314 2589 1382 inclina-

572 1425 743 1490 tione
763 1420 979 1511 aliqua
1001 1420 1082 1488 ad
1102 1421 1298 1490 finem
1319 1419 1439 1490 sibi
1458 1421 1879 1513 praestitutum
1902 1420 1986 1513 (1)
2016 1447 2035 1491 ε
2063 1422 2151 1490 ita
2175 1422 2366 1490 etiam
2385 1420 2584 1488 homo

576 1549 727 1598 cum
752 1527 1090 1595 intrinseca
1108 1526 1515 1597 inclinatione
1537 1527 1621 1596 ad
1648 1548 1840 1597 suum
1867 1527 2069 1596 finem
2093 1578 2111 1606 ,
2145 1527 2193 1595 i.
2240 1548 2302 1594 e.
2360 1524 2587 1616 cogni-

577 1635 816 1702 tionem
846 1638 910 1702 et
945 1654 1229 1701 amorem
1254 1632 1374 1702 Dei
1414 1638 1660 1703 creatus
1704 1636 1782 1703 sit
1829 1637 2096 1726 oportet.
2155 1633 2315 1712 Ast,
2369 1637 2588 1723 utpote

577 1739 950 1810 rationalem
969 1745 1030 1808 et
1049 1740 1201 1809 hinc
1221 1739 1498 1809 liberum
1514 1790 1535 1820 ,
1572 1739 1711 1809 haec
1737 1739 2064 1809 inclinatio
2090 1740 2424 1809 hominem
2452 1763 2588 1811 non

583 1848 906 1915 necessitet
930 1898 948 1927 ,
981 1869 1063 1916 ne
1091 1847 1347 1916 tollatur
1373 1847 1640 1936 [libertas
1664 1898 1682 1926 ,
1736 1845 1847 1916 sed
1892 1846 2102 1915 solum
2136 1847 2468 1917 efficaciter
2507 1848 2590 1918 ad

581 1952 778 2022 finem
834 1975 1022 2022 suum
1078 1953 1273 2023 libere
1325 1953 1806 2047 adimplendum
1864 1953 2173 2045 impellat.
2238 1953 2383 2022 Jam
2436 1978 2586 2026 vero

582 2056 782 2127 homo
797 2110 820 2141 ,
866 2059 1138 2150 spectata
1167 2057 1481 2145 debilitate
1510 2063 1752 2129 naturae
1784 2063 1848 2129 et
1879 2058 2181 2129 illecebra
2223 2062 2527 2132 vitiorum
2559 2114 2579 2140 .

585 2163 917 2236 efficaciter
937 2166 1018 2236 ad
1040 2166 1235 2236 libere
1252 2167 1321 2236 in
1341 2166 1465 2236 hac
1481 2166 1651 2238 terra
1673 2166 2154 2259 adimplendum
2179 2189 2369 2236 suum
2383 2169 2586 2240 finem

585 2293 720 2341 non
749 2272 1090 2343 inclinatur
1110 2323 1131 2354 ‚
1166 2274 1289 2342 nisi
1316 2272 1595 2364 praemiis
1623 2278 1686 2343 et
1707 2273 1911 2365 poenis
1949 2275 2197 2344 aeternis
2235 2301 2251 2343 ε
2292 2297 2445 2366 ergo
2475 2297 2586 2345 ne·

586 2399 752 2448 cesse
769 2384 882 2459 est.
919 2384 991 2449 ut
1021 2378 1343 2449 inclinatio
1376 2382 1491 2450 ista
1512 2401 1624 2450 seu
1652 2380 1882 2450 intima
1909 2380 2176 2450 essentia
2208 2380 2492 2452 hominis
2513 2383 2587 2454 in

588 2507 654 2557 se
679 2487 996 2557 contineat
1019 2535 1041 2566 ‚
1101 2506 1179 2555 ex
1208 2506 1335 2576 quo
1380 2492 1514 2556 tam
1537 2486 1855 2558 beatitudo
1910 2510 2107 2580 quam
2126 2511 2322 2582 poena
2349 2494 2590 2561 aeterna

587 2613 892 2685 exurgere
919 2593 1134 2683 possit.

676 2713 864 2801 Quod
883 2716 935 2785 si
943 2719 1080 2807 jam
1104 2718 1394 2791 intimam
1416 2722 1696 2793 hominis
1723 2723 2057 2794 essentiam
2084 2728 2583 2815 perscrutemur,

587 2824 977 2917 reperiemus
998 2872 1016 2906 .
1054 2848 1205 2897 eum
1223 2850 1300 2899 ex
1330 2832 1561 2900 natura
1598 2832 1713 2901 sua
1733 2830 2161 2900 immortalem
2184 2831 2594 2900 essentialiter

587 2930 683 3004 ad
708 2933 1136 3026 cognitionem
1166 2941 1228 3007 et
1272 2955 1561 3010 amorem
1586 2936 1707 3010 Dei
1756 2938 1903 3025 terri
1921 2986 1942 3018 ,
1988 2936 2270 3027 adeoque
2312 2933 2592 3007 solutum

651 3188 725 3258 (ἱ)
753 3190 1047 3255 Huiusmodi
1066 3193 1366 3247 habItudinis
1383 3196 1436 3248 et
1464 3194 1795 3247 inclinationis
1815 3192 2052 3245 naturalis
2078 3193 2141 3243 ad
2172 3193 2325 3245 finem
2346 3206 2446 3243 non
2477 3196 2588 3243 tan-

588 3266 697 3315 tum
719 3263 975 3315 instinctus
994 3265 1283 3316 animalium
1304 3270 1406 3317 tam
1428 3268 1595 3317 varius
1608 3302 1624 3329 ,
1666 3280 1815 3329 quam
1837 3266 1971 3316 varia
1990 3270 2104 3316 sunt
2125 3263 2359 3314 animalia
2388 3276 2591 3312 eorum-

590 3349 686 3398 que
705 3336 846 3399 flues,
875 3338 1098 3399 exempta
1125 3337 1337 3399 plurima
1355 3338 1497 3387 nobis
1516 3339 1807 3402 suppeditat,
1825 3337 1910 3387 sed
1929 3337 1982 3387 in
1997 3336 2111 3400 ipsis
2128 3334 2305 3398 plantis
2326 3335 2498 3384 eadem
2517 3334 2595 3385 in·

592 3405 788 3456 clinatio
818 3406 880 3456 ad
903 3406 1053 3457 finem
1093 3420 1238 3458 suum
1268 3409 1394 3459 miro
1414 3409 1561 3459 modo
1587 3422 1638 3459 se
1673 3408 1853 3471 prodit.
1877 3408 2032 3458 Radix
2068 3408 2199 3457 certe
2222 3407 2504 3468 plantarum
2524 3402 2587 3456 ad

594 3478 686 3527 hoe
707 3479 797 3538 est,
820 3480 874 3526 ut
894 3477 1159 3528 deorsum
1147 3493 1197 3529 m
1215 3483 1395 3530 terram
1417 3480 1564 3530 missa
1583 3480 1799 3542 plantam
1814 3481 1865 3529 et
1899 3473 2085 3528 nutriat
2103 3482 2155 3530 et
2171 3474 2590 3533 sustentamenta!

591 3548 633 3598 si
649 3547 754 3608 jam
787 3549 953 3610 planta
969 3548 1167 3611 aliqua
1154 3564 1205 3600 m
1226 3551 1358 3601 terra
1382 3551 1656 3601 defodiatur
1680 3550 1768 3613 ita,
1798 3553 1853 3601 ut
1870 3550 2011 3600 radix
2029 3561 2222 3599 sursum
2241 3546 2427 3609 tendat,
2449 3546 2492 3594 si
2511 3546 2594 3599 in-

593 3630 740 3681 super
754 3619 902 3668 etiam
925 3618 1108 3680 lapidea
1126 3618 1253 3671 eirca
1272 3621 1483 3671 radicem
1504 3622 1767 3685 ponantur,
1790 3620 1929 3670 radix
1947 3603 2113 3669 t'amen
2129 3630 2233 3667 non
2248 3615 2442 3665 sursum
2458 3629 2592 3667 crea-

595 3693 687 3753 cet,
708 3689 791 3739 sed
824 3689 1144 3741 inclinatione
1155 3690 1365 3742 naturali
1397 3691 1459 3741 ad
1491 3691 1642 3741 tinem
1671 3703 1818 3742 suum
1841 3690 1999 3752 potius
2039 3688 2165 3739 cirea
2185 3688 2401 3751 lapidem
2428 3688 2593 3738 sseetet

594 3773 717 3883 3⁸5¹,
734 3764 790 3811 ut
807 3760 1053 3884 deon-satire·
1065 3762 1118 3815 in
1138 3765 1322 3822 terrem
1339 3762 1541 3818 tendens
1556 3766 1607 3818 et
1621 3775 1786 3817 succos
1806 3762 2051 3814 attrahere
2065 3763 2115 3812 et
2132 3760 2202 3812 sic
2220 3762 2442 3825 plantam
2459 3759 2592 3814 alere

703 3844 864 3884 mare
886 3845 994 3895 poss
