2988 4832
1590 493 1722 565 428

637 644 725 693 ex·
755 623 892 714 ipso
922 629 1235 715 conceptu
1255 627 1318 717 et
1345 598 1710 692 definitione
1750 622 1883 713 ejus
1908 615 2152 691 eruitur
2174 626 2200 700 ῖ
2228 615 2502 697 refertur
2526 634 2653 692 ne*

643 732 908 801 cessario
965 730 1421 821 omnipotentia
1447 779 1468 808 ,
1518 726 1769 800 bonitas
1807 739 1836 810 ,'
1892 725 2251 808 sanctitas:
2307 727 2550 819 justitia
2584 731 2652 797 et

521 923 523 929 ¹
639 837 892 908 libertas
921 866 938 919 ;
985 839 1382 931 providentia
1425 845 1642 910 autem
1678 845 1813 929 ipsa
1847 837 2199 910 necessario
2238 836 2550 907 evolvitur
2573 857 2658 907 ex

639 943 1077 1036 intelligentia,
1106 967 1251 1036 quoe
1273 998 1290 1026 ‚
1317 953 1535 1039 utpote
1563 946 1811 1016 infinita
1832 997 1849 1026 ,
1881 944 2105 1016 sithoc
2127 945 2264 1037 ipso
2285 967 2329 1014 a
2368 967 2428 1010 se
2456 943 2658 1012 adeo-

639 1068 764 1141 que
786 1050 1458 1132 unicasimmut'abilis,
1485 1054 1804 1123 immensa
1817 1059 1881 1122 et
1908 1049 2170 1123 aeterna.
2206 1051 2379 1144 Ergo
2399 1052 2470 1121 in
2493 1070 2659 1142 pro-

637 1157 920 1229 videntia
961 1158 1310 1228 involvitur
1353 1175 1551 1230 omne
1595 1159 1663 1230 id
1687 1211 1706 1239 ,
1735 1160 1908 1251 quod
1947 1160 2221 1252 pertinet
2243 1157 2326 1226 ad
2350 1157 2659 1227 volunta-

638 1270 772 1333 tem
818 1262 1105 1334 divinam
1131 1317 1148 1344 ‚
1176 1265 1312 1357 ipsa
1350 1269 1752 1359 providentia
1776 1291 1928 1339 vero
1964 1268 2034 1335 in
2061 1267 2399 1335 intellectu
2439 1265 2660 1333 infini-

640 1379 702 1441 to
725 1425 743 1452 ‚
796 1371 1153 1443 intellectus
1201 1394 1354 1444 vero
1404 1378 1479 1443 in
1528 1389 1659 1445 ento
1706 1401 1749 1445 a
1773 1398 1855 1445 se.
1900 1374 2115 1469 Atque
2157 1374 2245 1442 ita
2288 1374 2520 1465 pariter
2551 1424 2566 1452 ,
2618 1393 2668 1441 a
2722 1370 2728 1375 ’

639 1501 1024 1572 quoennque
1062 1482 1362 1552 attributo
1414 1483 1679 1577 incipias
1702 1535 1720 1562 ,
1775 1479 1967 1552 simul
2013 1500 2089 1550 ac
2125 1477 2288 1550 illud
2321 1484 2393 1548 ut
2433 1478 2668 1548 infini-

645 1590 786 1656 tum
836 1593 1054 1658 mente
1101 1589 1408 1670 evolvas,“
1444 1592 1783 1681 pervenies
1823 1590 1913 1658 ad
1952 1612 2057 1656 em
2076 1612 2123 1657 a
2164 1611 2225 1655 se
2260 1587 2543 1678 adeoque
2572 1586 2659 1655 ad

639 1717 756 1785 ens
796 1696 1162 1766 absolutum
1206 1720 1322 1767 seu
1349 1707 1411 1766 το·
1439 1722 1557 1766 esse
1574 1700 1934 1788 simpliciter
1957 1749 1975 1776 ‚
2013 1695 2187 1791 quod
2223 1697 2417 1764 unico
2439 1715 2556 1762 suo
2593 1698 2661 1763 et

642 1803 1104 1897 simplicissimo
1129 1827 1263 1876 esse
1291 1805 2021 1896 omnia-complectatur.

728 1931 941 2023 Atque
979 1931 1136 2003 hinc
1163 1932 1277 2013 fit,
1324 1937 1400 2003 ut
1438 1934 1603 2005 ratio
1626 1931 1915 2004 humana
1935 1982 1956 2011 ‚
1992 1930 2077 2000 ad
2104 1931 2383 2001 veritatis
2413 1932 2656 2024 cogni-

635 2041 880 2110 tionem
909 2056 990 2109 ex
1022 2040 1292 2110 essentia
1317 2038 1434 2111 suh
1458 2045 1823 2134 comparata
1850 2092 1868 2120 ,
1901 2048 1968 2110 τό
1985 2060 2105 2107 esse
2131 2040 2492 2128 simpliciter
2523 2043 2662 2132 pri-

642 2134 834 2229 mum
860 2146 1226 2218 immediate
1253 2147 1689 2240 apprehendat
1716 2145 2043 2217 occasione
2059 2144 2432 2217 sensationis
2457 2199 2476 2227 ,
2504 2148 2659 2218 dein

645 2276 805 2326 vero
859 2255 1069 2324 varias
1106 2256 1497 2325 sensationes
1523 2252 1914 2346 acquirendo
1950 2258 2013 2321 et
2042 2252 2201 2322 hinc
2252 2254 2461 2324 varios
2488 2253 2662 2323 illius

638 2380 733 2433 τοῦ
755 2383 874 2433 esse
899 2363 1267 2456 simpliciter
1291 2362 1550 2434 effectus
1570 2360 2037 2455 cognoscendo,
2066 2360 2280 2453 ipsum
2306 2360 2432 2429 hoc
2452 2369 2515 2427 w·
2539 2384 2660 2430 em

638 2472 1001 2561 simpliciter
1040 2469 1163 2540 sub
1189 2470 1316 2539 alio
1361 2475 1426 2539 et
1453 2470 1579 2540 alio
1616 2473 1909 2560 respectu
1944 2467 2255 2560 concipiat
2282 2475 2345 2535 et
2385 2466 2477 2537 sic
2504 2469 2660 2539 inti·

640 2595 820 2645 mam
866 2574 1159 2668 ejusdem
1212 2577 1560 2648 essentiam
1593 2576 1800 2667 magis
1827 2576 2160 2666 magisque
2205 2573 2328 2643 sibi
2367 2574 2655 2655 evolvat,

641 2683 851 2751 donec
868 2756 872 2760 ,
887 2682 1107 2752 onmia
1147 2683 1221 2753 in
1255 2680 1544 2753 absoluto
1588 2682 1715 2751 hoe
1743 2702 1879 2753 esse
1908 2682 2126 2773 aliqud
2156 2683 2400 2753 ratione
2447 2684 2658 2756 conti-

642 2788 787 2858 neri
816 2787 1325 2881 deprehendens,
1353 2812 1470 2881 per
1498 2788 1704 2860 claros
1722 2795 1786 2859 et
1807 2789 2069 2860 reflexos
2087 2797 2429 2883 conceptus
2443 2791 2676 2880 scien-.

642 2897 807 2992 tifice
838 2918 953 2966 seu
988 2896 1424 2990 philosophice
1470 2904 1810 2990 cognoseat
1847 2897 1913 2965 id
1941 2900 2153 2989 ipsum
2172 2950 2194 2979 ,
2224 2899 2400 2991 quod
2426 2901 2658 2992 primi-

643 3012 744 3077 tus
767 3008 906 3096 jam
937 3005 1198 3076 confuse
1235 3011 1302 3075 et
1333 3004 1569 3076 directe
1603 3028 1720 3098 per
1762 3028 2023 3077 sensum
2049 3007 2187 3077 veri
2215 3012 2278 3076 et
2319 3006 2499 3099 quasi
2538 3030 2656 3099 per

646 3109 911 3181 modum
931 3110 1272 3181 instinctus
1302 3112 1624 3183 rationalis
1651 3135 1764 3185 seu
1780 3136 1896 3205 per
1924 3135 2185 3185 sensum
2205 3120 2450 3186 naturae
2474 3136 2657 3185 com-

643 3217 1312 3308 munem-immediata
1333 3219 1614 3312 quadam
1641 3221 2143 3315 apprehensione
2167 3221 2387 3292 sensit.

737 3341 920 3413 Unde
943 3333 1138 3415 etiam
1159 3343 1537 3437 intelligitur
1555 3396 1575 3427 ,
1609 3368 1807 3438 quare
1834 3347 2343 3441 profundissimae
2370 3348 2659 3443 philoso-

599 3452 605 3458 “
644 3451 924 3541 phorum
942 3452 1383 3545 conceptIOnes
1412 3472 1565 3523 cum
1586 3453 1838 3545 judiciis
1855 3455 2075 3526 sensus
2100 3463 2344 3548 naturae
2362 3479 2661 3531 commu-

649 3557 750 3627 nis
772 3558 1315 3639 consentiant,hac
1331 3560 1541 3632 solum
1553 3560 2099 3657 differentia,quod
2108 3565 2367 3635 illarum
2384 3569 2658 3660 veritatis
2712 3545 2720 3557 “
2791 3619 2800 3628 -

649 3665 810 3735 ratio
835 3664 1062 3737 ultima
1080 3665 1259 3735 reddi
1281 3667 1473 3760 possit
1493 3719 1512 3747 ,
1556 3667 1699 3738 haec
1720 3676 1935 3754 autem
1963 3693 2114 3740 vera
2136 3692 2269 3741 esse
2303 3674 2660 3746 sentiantur
2789 3696 2806 3705 ‘

651 3772 810 3865 quin
819 3778 1182 3853 tamen,cur
1200 3765 1351 3845 vera
1360 3776 1505 3855 sint,
1527 3778 1846 3847 enuntiari
1868 3784 2079 3870 queat.
2110 3778 2321 3870 Atque
2329 3789 2655 3873 propterea
2774 3852 2784 3858 .

652 3880 843 3963 etiam
897 3899 1114 3961 seusus
1153 3890 1400 3963 naturae
1439 3887 1801 3966 communis
1832 3893 2008 3968 recte
2053 3892 2118 3965 et
2145 3910 2299 3966 vere
2340 3891 2659 3964 nominari
