2988 4832
1316 458 1410 533 4⁷
1827 506 1834 521 ·

356 573 569 674 utpote
608 585 756 650 ente
780 561 1067 659 infinito?
1100 564 1284 652 nulla
1322 582 1459 650 dari
1492 585 1697 675 potest
1731 574 2133 663 marentius
2167 574 2378 671 siqui&

240 688 243 689 ⁷
355 688 502 757 dem
553 690 763 758 omnis
803 687 1155 759 differentia
1197 695 1515 781 supponat
1556 693 1966 784 negationem
2011 711 2125 763 sen
2160 687 2374 762 desee-

351 799 493 864 tum
518 823 541 878 ς
582 817 736 888 ergo
765 797 983 888 plures
1013 796 1375 867 substantiae
1405 820 1539 867 esse
1571 819 1705 870 non
1733 805 2021 892 possunt.

436 920 520 992 R.
567 925 633 992 1⁰
661 924 831 993 Data
854 936 910 993 et
930 947 1055 993 non
1085 937 1354 995 concessa
1386 928 1655 1017 Majore,
1687 926 1777 999 Ν.
1806 925 1977 999 Min.
2006 920 2174 996 Nam
2208 925 2376 998 inter

350 1029 478 1101 duo
516 1031 869 1124 differentia
899 1041 1052 1104 nota
1078 1034 1509 1107 differentialis
1552 1040 1648 1105 est
1671 1038 1941 1126 positiva
1968 1038 2038 1106 in
2067 1058 2224 1116 uno,
2259 1060 2376 1103 ns-

347 1142 561 1226 qativa
588 1142 659 1209 in
685 1142 906 1212 altero.
935 1140 1042 1212 Sic
1061 1142 1280 1233 planta
1301 1142 1508 1212 differt
1530 1166 1571 1212 a
1590 1144 1800 1235 lapide
1828 1144 1935 1224 ita,
1969 1146 2133 1213 utin
2153 1144 2373 1237 plante

347 1248 429 1315 sit
478 1253 631 1316 nota
677 1248 1105 1319 differentialis
1144 1252 1414 1340 positiva
1429 1304 1446 1332 ,
1500 1252 1574 1322 in
1619 1253 1828 1345 lapide
1871 1257 2156 1343 neqativa
2202 1258 2365 1324 vitae.

345 1352 545 1444 Ergo,
594 1356 742 1424 dato
771 1358 985 1437 etiam.
1023 1357 1258 1438 Deum,
1307 1382 1423 1430 ens
1455 1360 1807 1441 infinitum,
1850 1383 2002 1430 cum
2031 1363 2168 1431 aliis
2210 1362 2373 1429 sub-

346 1464 589 1532 stantiis
631 1468 972 1537 convenire
1001 1468 1074 1536 in
1111 1489 1347 1559 genere
1385 1468 1770 1548 substantiae,
1819 1475 1972 1539 nota
2012 1493 2123 1541 seu
2159 1471 2372 1538 deter-

346 1572 616 1640 minatio
662 1575 1203 1675 negativa-posset
1238 1570 1375 1646 esse
1409 1596 1494 1646 ex
1532 1581 1712 1651 narie
1754 1576 2032 1647 aliarum
2076 1577 2371 1647 substan-

343 1679 607 1748 tiarum.
640 1677 760 1748 Ast
1163 1687 1167 1691 “
1777 1686 1778 1689 ’

441 1807 526 1879 R.
560 1810 631 1878 2⁰
661 1812 750 1882 N.
786 1811 954 1901 Μαί.
988 1812 1159 1882 Nam
1189 1814 1304 1883 etsi
1334 1814 1552 1906 plures
1592 1811 1719 1882 sint
1748 1810 2134 1893 substantiae,
2167 1834 2371 1905 prop-

343 1922 518 1986 terea
549 1914 766 1988 tamen
799 1941 935 1990 non
972 1920 1160 1991 datur
1191 1923 1263 1991 in
1293 1921 1430 1992 Deo
1473 1923 1537 2013 a)
1569 1945 1777 2011 qenus.
1803 1921 1899 1991 Ea
1930 1924 2107 1991 enim
2136 1921 2370 1991 dicun-

341 2031 451 2092 tur
476 2025 763 2114 ejusdem
785 2029 1059 2118 generis,
1090 2050 1239 2120 quae
1259 2029 1504 2099 habent
1531 2037 1753 2099 notam
1779 2052 1892 2101 seu
1918 2032 2372 2122 proprietatem

342 2132 629 2225 aliquam
664 2138 1034 2204 essentialem
1071 2157 1487 2207 communem
1504 2189 1523 2218 ‚
1556 2140 1651 2206 uti
1680 2161 1746 2207 v.
1781 2163 1848 2229 g.
1887 2137 2083 2208 homo
2117 2144 2183 2206 et
2218 2161 2373 2236 cer-3-

204 2318 213 2319 ι
339 2263 507 2324 vusg
540 2244 692 2333 quia
720 2245 1115 2313 conveniunt
1140 2245 1212 2312 in
1240 2247 1391 2314 notzi
1419 2245 1732 2313 essentiali
1765 2245 2170 2313 animalitatis
2197 2246 2374 2313 utri-
2465 2330 2472 2337 .

338 2372 470 2441 que
497 2353 836 2422 communi
861 2353 1085 2444 :atqui
1113 2350 1305 2434 DeuS,
1330 2359 1404 2422 ut
1427 2352 1775 2423 substantia
1802 2353 2072 2435 infinita,
2103 2359 2170 2421 et
2199 2375 2371 2423 crea-

337 2467 525 2539 turae,
573 2468 648 2531 ut
687 2461 1051 2532 substantiae
1077 2460 1295 2543 finitae,
1338 2463 1410 2530 in
1441 2461 1625 2532 nulle
1663 2464 1970 2530 essentiali
2012 2463 2166 2531 notai
2209 2482 2369 2531 con-

334 2568 635 2640 veniunt.
685 2571 838 2637 Esse
877 2569 1057 2640 enim
1100 2570 1234 2662 (seu
1271 2570 1539 2660 emitas),
1580 2570 1753 2662 quod
1792 2561 2003 2660 quoad
2034 2590 2276 2638 nomen
2307 2575 2370 2637 et

334 2675 412 2744 in
444 2673 759 2745 abstracto
799 2676 1083 2767 utrisque
1126 2698 1475 2745 commune
1523 2681 1638 2755 est,
1689 2676 1941 2745 realiter
1979 2676 2048 2745 in
2085 2677 2370 2767 utrisque

315 2785 740 2851 ‚essentialiter
780 2783 1104 2856 diversum
1148 2790 1240 2854 est
1289 2785 1398 2875 (1).
1442 2782 1614 2852 Nam
1646 2808 1762 2851 esse
1793 2782 1913 2854 Dei
1944 2781 2039 2853 est
2066 2787 2367 2855 essentia-

333 2890 487 2959 liter
512 2891 842 2962 infinitum
869 2899 1005 2962 eta
1022 2917 1105 2974 se,
1141 2915 1254 2963 seu
1284 2891 1457 2961 Deus
1481 2899 1573 2959 est
1595 2891 1757 2961 illud
1786 2915 1902 2959 esse
1915 2896 2184 2983 plenum,
2215 2916 2369 2965 cum

333 2998 709 3070 exclusione
751 3002 1103 3072 necessarie
1145 3001 1355 3069 omnis
1399 3000 1811 3078 limitationis.
1859 3004 1923 3070 et
1959 3001 2170 3071 omnis
2209 3025 2368 3071 non-

279 3174 287 3196 ,
322 3129 459 3200 ‘esse
473 3130 504 3189 ,-
544 3130 663 3175 esse
686 3130 840 3178 vero
882 3114 1321 3179 ereaturarum
1346 3108 1643 3177 omnium
1670 3112 1764 3175 est
1785 3106 2196 3179 essentialiter
2223 3108 2367 3177 fini-

336 3222 488 3312 tum
515 3220 582 3285 et
609 3217 688 3284 ab
715 3219 865 3296 alio,
903 3239 1016 3286 seu
1047 3221 1354 3286 creaturae
1395 3237 1519 3285 nec
1560 3219 1712 3306 sunt
1754 3237 1877 3283 nee
1919 3215 2187 3285 omnino
2230 3236 2369 3286 esse

334 3331 610 3415 possunt
636 3350 753 3393 esse
781 3329 947 3394 illud
965 3317 1237 3417 plenum,
1284 3325 1411 3396 hoo
1439 3326 1601 3416 ipso,
1639 3322 1814 3413 quod
1841 3322 1912 3390 in
1947 3343 2061 3391 sno
2090 3344 2207 3389 esse
2235 3342 2365 3396 ne-.-

338 3432 613 3507 cessario
645 3432 985 3506 involvunt
1009 3457 1307 3517 non-esse,
1340 3456 1458 3527 per
1484 3430 1657 3526 quod
1690 3431 1853 3500 fiunt
1882 3426 2356 3501 modificabileS.

310 3687 315 3692 ’
392 3675 481 3747 (1)
514 3681 707 3737 Scilicet
720 3699 806 3738 ens
834 3683 916 3738 vel
932 3700 1054 3754 esse,
1087 3688 1179 3740 sub
1200 3681 1300 3752 'quo
1320 3686 1484 3738 Deum
1510 3685 1661 3738 simul
1680 3689 1731 3738 et
1747 3687 1993 3738 creaturas
2007 3675 2359 3746 substituimus,

338 3754 718 3808 nomine-tenus
737 3761 899 3810 solum
919 3761 1025 3810 Deo
1047 3773 1161 3811 cum
1178 3761 1412 3812 creaturis
1436 3773 1702 3811 commune
1721 3763 1809 3824 est,
1834 3771 1894 3809 eo
1915 3757 2063 3821 quod,
2100 3755 2215 3807 licet
2256 3767 2361 3808 esse

266 3853 271 3858 -
342 3822 445 3876 Dei
463 3826 744 3880 omnimode
761 3830 1011 3883 diversum
1031 3831 1363 3894 concipiamus
1385 3829 1448 3880 ab
1464 3844 1570 3881 esse
1582 3831 1921 3889 muneratum
1936 3863 1956 3890 Q
1986 3841 2170 3889 nomen
2190 3832 2360 3890 tamen

344 3898 603 3962 proprium
630 3901 886 3972 utriusque
904 3913 1019 3986 ‚este
1036 3903 1375 3977 distinctivum
1390 3917 1493 3964 non
1514 3904 1802 3964 habeamus.
