2988 4832
1184 468 1187 471 ’
1303 496 1439 572 375

389 612 696 692 servatum
734 610 807 681 C.
839 610 990 682 Ant.
1014 620 1081 684 et
1104 611 1207 685 N:
1234 615 1413 686 Cone.
1448 612 1619 686 Nam
1650 622 1926 687 cessante
1954 614 2079 688 hoc
2106 620 2250 688 actu
2275 634 2406 687 an-
2470 702 2476 709 .

390 719 696 790 nihilatur
722 738 859 799 cns,
897 720 1056 812 quin
1083 722 1290 793 activa
1317 722 1599 815 quadam
1624 723 1731 794 vel
1757 724 2025 817 positiva
2043 723 2406 818 spoliatione

389 851 552 925 opus
573 832 653 901 sit
676 886 685 900 .

402 959 407 962 ⁴
471 982 640 1053 OBJ.
693 983 762 1054 2⁰
805 979 912 1054 Ad
937 982 1256 1052 infinitam
1281 981 1400 1051 Dei
1421 983 1770 1075 potentiam
1791 985 2089 1075 pertinet,
2123 1006 2227 1054 res
2246 1005 2409 1076 pro-

384 1090 615 1160 ducere
631 1144 646 1169 ,
695 1114 839 1182 quae
864 1092 1083 1182 suapte
1121 1091 1350 1159 virtute
1382 1090 1452 1157 in
1488 1095 1658 1158 statu
1681 1091 1887 1158 semel
1908 1090 2167 1182 accepto
2188 1109 2407 1181 perse·
2543 1096 2546 1101 ’

388 1221 612 1267 verare
656 1201 945 1291 possint;
996 1221 1171 1288 ergo.
1186 1249 1200 1266 .
1215 1248 1262 1266 ..
1308 1195 1392 1265 Et
1433 1218 1588 1266 vero
1632 1198 1866 1265 animae
1912 1198 2215 1267 humanae
2257 1196 2409 1266 sunt

382 1306 621 1375 natura
645 1306 761 1376 sua
787 1305 1181 1376 immortales
1204 1331 1223 1387 ;
1262 1320 1419 1395 ergo
1441 1324 1521 1371 ex
1543 1304 1775 1372 natura
1801 1301 2064 1383 habent,
2098 1307 2173 1373 ut
2191 1304 2407 1375 conti-

385 1416 596 1482 nuent
621 1413 907 1481 existere.

467 1569 550 1640 R.
598 1571 687 1639 D.
731 1570 885 1641 Ant.
932 1569 1093 1652 Quae
1118 1587 1521 1661 perseverare
1547 1569 1959 1660 poss1ntDeo
1987 1579 2404 1643 conservante

377 1694 491 1746 seu
528 1678 842 1746 rationem
885 1678 1226 1746 existentiae
1262 1698 1399 1745 non
1430 1678 1823 1756 retrahente,
1868 1679 1943 1748 C.
1984 1680 2140 1749 Ant.
2177 1679 2396 1762 SecuS,

376 1785 468 1855 N.
497 1785 648 1855 Am.
689 1792 752 1854 et
785 1788 964 1855 Cons.
996 1784 1108 1854 Ad
1136 1786 1486 1876 potentiam
1531 1783 1712 1852 enim
1759 1771 1881 1853 Dei
1925 1808 2061 1855 non
2104 1791 2397 1879 pertinet,

376 1913 558 1984 posse
602 1914 705 1962 res
751 1884 1126 1984 producere,
1174 1913 1320 1981 quae
1361 1893 1701 1959 intrinsece
1740 1892 2158 1983 impossibiles
2199 1901 2397 1964 sunt:

375 1999 552 2089 atqui
597 1999 936 2069 intrinsece
974 1997 1364 2089 impossibile
1406 2005 1502 2066 est
1545 2021 1661 2067 ens
1705 2004 2011 2077 creatum,
2064 1996 2239 2089 quod
2286 2001 2404 2069 sua

362 2106 608 2191 ,virtute
654 2107 1048 2176 existentiam
1092 2107 1442 2176 continuet.
1481 2105 1666 2175 Esset
1708 2108 1884 2174 enim
1930 2106 2124 2174 simul
2167 2127 2283 2174 ens
2324 2109 2402 2174 ab

377 2216 528 2292 alio,
562 2220 626 2282 et
644 2215 843 2282 simul
864 2236 980 2282 ens
1001 2238 1043 2280 a
1064 2238 1144 2292 se,
1173 2213 1280 2282 vel
1299 2219 1468 2298 certe
1498 2215 1686 2281 ante
1643 2235 1872 2335 ‘1psam
1892 2215 2206 2281 rationem
2230 2215 2404 2281 suffi-

375 2319 654 2388 cientem
695 2341 827 2389 suae
867 2320 1209 2388 existentiae
1248 2320 1559 2397 existeret,
1610 2320 1664 2387 si
1703 2321 1844 2387 haec
1880 2321 2039 2387 ratio
2081 2318 2400 2389 sufficiens

378 2431 773 2517 supponatur
799 2449 895 2495 ess
896 2449 932 2492 e
955 2427 1246 2496 accidens
1265 2426 1468 2508 entis;
1507 2448 1741 2517 ergo...

465 2588 680 2667 Quoad
701 2589 847 2655 Κατ.
881 2587 1031 2655 add.
1059 2587 1148 2655 D.
1181 2586 1334 2654 Ant.
1369 2584 1625 2653 Animoe
1648 2586 1954 2654 humanae
1983 2592 2135 2653 sunt
2166 2589 2398 2656 natura

373 2717 491 2763 sua
514 2693 904 2761 immortales
930 2716 1005 2760 eo
1030 2715 1242 2772 sensu,
1273 2694 1487 2783 quod
1470 2717 1539 2760 m
1563 2704 1793 2761 natura
1818 2695 2187 2761 contineant
2208 2697 2397 2764 ratio-
2507 2700 2514 2706 ’

373 2822 529 2867 nem
567 2822 695 2866 suae
722 2800 1099 2876 existentiae,
1140 2802 1228 2868 N.
1262 2802 1416 2867 Ant.
1453 2799 1548 2867 Eo
1563 2823 1799 2877 sensu,
1847 2802 2042 2889 quod,
2088 2804 2395 2890 quamdiu

375 2913 706 2976 servantur
733 2927 772 2971 a
800 2903 956 2981 De0‚
993 2883 1190 2971 nullis
1218 2907 1614 2973 naturalibus
1643 2907 1845 2974 causis
1866 2906 2106 2976 destrui
2138 2910 2245 2977 vel
2264 2912 2395 2980 vita

266 3037 271 3038 ⁷
377 3015 615 3105 privari
637 3011 896 3102 possint,
948 3012 1018 3078 G.
1050 3011 1201 3078 Ant.
1236 3017 1300 3079 et
1325 3013 1415 3081 N.
1453 3013 1634 3079 Cons.

461 3188 622 3254 Inst.
671 3183 804 3252 Etsi
828 3165 1126 3254 machina
1150 3182 1379 3276 aliqua,
1417 3208 1482 3255 v.
1510 3209 1576 3277 g.
1605 3185 2038 3279 horologium,
2069 3188 2262 3280 opera
2286 3211 2394 3259 ar·-

371 3294 554 3361 tificis
580 3291 879 3381 indigeat,
909 3298 979 3359 ut
1005 3294 1262 3361 existere
1284 3294 1564 3383 incipiat,
1597 3294 1893 3387 deinceps
1916 3302 2133 3365 tamen
2157 3297 2396 3389 absque

370 3391 493 3477 ista
513 3390 772 3458 existere
795 3396 998 3480 potest
1023 3420 1040 3472 ;
1072 3414 1224 3481 ergo
1251 3414 1288 3459 a
1309 3395 1474 3483 pari.
1534 3403 1540 3410 '

463 3551 543 3623 R.
596 3553 669 3621 C.
700 3552 853 3620 Ant.
892 3551 982 3621 N.
1026 3550 1204 3619 Cous.
1241 3555 1304 3619 et
1325 3576 1475 3643 par.
1520 3551 1689 3623 Nam
1732 3555 2093 3626 substantiae
2127 3557 2393 3649 alicujus

371 3662 684 3753 horologii
719 3660 802 3729 ab
841 3660 1062 3751 opifice
1094 3681 1229 3728 non
1263 3661 1677 3739 existentiam,
1708 3663 1818 3731 sed
1846 3658 2095 3731 certum
2123 3664 2392 3734 modum

373 3769 753 3837 coexistendi
778 3769 1112 3861 recipiunt,
1130 3791 1343 3861 -quem
1373 3768 1670 3861 deinceps
1697 3772 1955 3841 suismet
1977 3773 2217 3842 viribus
2238 3795 2391 3842 con-

374 3883 649 3959 servant,
685 3878 991 3970 quamdiu
1018 3876 1152 3950 una
1181 3898 1331 3953 cum
1365 3876 1465 3947 his
1493 3879 1733 3950 viribus
1764 3900 1802 3950 a
1831 3879 1967 3950 Deo
1991 3903 2390 3953 conservan-
