2988 4832
624 632 731 718 tur
755 662 816 716 et
856 638 1135 717 maxime
1170 647 1342 719 circa
1382 649 1898 748 procurationem
1922 641 2128 719 victus
2147 643 2176 729 ξ
2214 648 2519 742 propagat
2529 644 2631 717 io·-

627 756 780 828 'uem
796 758 1112 847 generiset
1124 748 1415 850 suiip'sius
1424 758 1972 828 conservationem
1982 762 2339 838 versantur,
2359 758 2456 826 uti
2479 779 2549 828 v.
2562 779 2633 848 g.

628 865 1005 935 constructio
1038 865 1356 961 nidorum,
1377 865 1453 934 in
1491 864 1714 935 avibus
1734 917 1752 945 ‚
1796 864 2039 935 insidiae
2080 866 2155 935 in
2181 864 2415 934 belluis
2441 885 2670 961 rapa--

626 968 805 1041 cibus
827 975 950 1042 etc.
997 970 1165 1042 Nam
1191 973 1243 1042 si
1283 995 1360 1042 ex
1395 974 1643 1042 ratione
1672 973 1777 1043 hae
1811 974 2087 1043 actiones
2110 994 2150 1040 a
2180 972 2391 1042 bestiis
2427 991 2638 1064 pone·-

624 1081 875 1159 rentur,
898 1079 1189 1171 inprimis
1209 1102 1344 1150 non
1365 1101 1593 1149 omnes
1614 1079 1843 1148 eodem
1865 1079 2080 1159 modo,
2115 1080 2398 1170 parvulae
2420 1100 2627 1171 aeque,

626 1202 825 1272 quam
856 1206 1036 1255 senes
1072 1193 1370 1279 agerent,
1414 1208 1523 1256 eas
1551 1204 1843 1256 successu
1874 1187 2176 1279 temporis
2208 1186 2589 1278 perficerent
2615 1213 2633 1264 ;

626 1294 693 1357 et
711 1290 862 1362 dein
893 1292 1107 1364 bestiae
1142 1316 1500 1387 paucorum
1526 1292 1780 1392 dierum
1798 1293 2093 1363 homines
2127 1298 2444 1384 provectae
2490 1299 2637 1362 aeta·

627 1396 707 1465 tis
734 1401 1199 1493 perspicacitate
1247 1401 1443 1494 longe
1486 1406 1858 1494 superarent
1878 1450 1897 1480 ‚
1938 1404 2013 1470 ut
2032 1421 2098 1470 v.
2136 1421 2206 1492 g.
2251 1399 2517 1492 apiculae
2561 1402 2633 1469 in

626 1508 1065 1580 construendIs
1092 1509 1341 1580 cellulis
1385 1516 1521 1581 etc.
2667 1558 2681 1595 ι,

565 1737 583 1761 x
708 1662 1107 1755 Exspectatio
1147 1686 1397 1734 casuum
1432 1665 1735 1734 similium
1766 1668 1969 1745 vero:
2007 1661 2265 1757 quando
2327 1648 2641 1734 nimirum
2672 1673 2683 1686 '

624 1768 1097 1842 recurrentibus
1121 1772 1196 1842 iis
1218 1795 1443 1844 rerum
1468 1771 1779 1865 adjunctis
1798 1826 1818 1854 ‚
1851 1795 1996 1865 quae
2027 1796 2183 1844 cum
2213 1772 2397 1843 certis
2424 1792 2637 1843 even-

625 1866 797 1949 tibus
820 1885 969 1950 ante
1018 1902 1304 1952 connexa
1346 1886 1530 1973 erant
1548 1932 1568 1962 ,
1599 1882 1794 1950 iidem
1825 1903 2046 1951 rursus
2100 1887 2363 1952 eventus
2405 1900 2646 1972 expec-

626 1974 844 2073 tantur
863 2040 881 2068 ,
916 2012 1038 2082 ope
1082 1989 1274 2059 solius
1319 1989 1665 2080 phantasiae
1697 1989 1977 2080 adeoque
2022 1989 2158 2058 sine
2193 1987 2329 2056 ullo
2382 1986 2643 2067 rationis

626 2096 857 2167 auxilio
885 2099 1233 2191 peragitur.
1270 2095 1378 2166 Sic
1411 2096 1483 2166 in
1505 2116 1665 2166 cane
1680 2148 1702 2177 ,
1734 2098 1847 2188 qui
1867 2097 1950 2166 ob
1972 2096 2218 2164 furtum
2244 2093 2448 2164 semel
2478 2093 2644 2162 fuste

625 2210 918 2297 exceptus
945 2206 1101 2287 fuit;
1132 2205 1205 2273 in
1231 2204 1454 2273 iterato
1482 2205 1654 2276 furto
1685 2204 1795 2276 vix
1820 2205 1983 2275 fuste
2022 2205 2270 2272 ostenso
2308 2199 2645 2293 phantasia
2673 2283 2679 2295 ¹

624 2318 1031 2403 repraesentat
1049 2311 1305 2383 easdem
1321 2312 1634 2404 imagines
1661 2312 1733 2382 in
1765 2308 2078 2409 praeterito
2099 2305 2289 2379 simili
2319 2327 2475 2378 casu
2512 2307 2646 2376 ha·-

626 2413 794 2489 bitas
824 2426 1013 2512 atque
1040 2420 1191 2489 inde
1232 2440 1353 2511 per
1389 2419 1867 2491 associationem
1895 2413 2327 2488 sensationum
2356 2412 2644 2486 dolorem

527 2589 530 2600 ,
628 2522 784 2594 olim
802 2533 944 2618 post
969 2527 1205 2597 similes
1221 2519 1532 2619 imagines
1559 2531 1852 2599 secutum
1875 2554 1893 2608 3
1923 2521 2097 2595 unde
2125 2518 2371 2615 ejulans
2423 2518 2643 2613 rapide

627 2633 890 2726 effugite
922 2636 1124 2726 'atqui
1174 2635 1282 2704 hic
1316 2633 1482 2704 nihil
1524 2635 1787 2705 rationis
1841 2656 1910 2704 se
1960 2629 2295 2703 immiscet.
2362 2623 2644 2699 Aliunde

628 2746 873 2811 constat
896 2742 1279 2833 experientia
1304 2793 1324 2821 ‚
1361 2742 1552 2811 bruta
1572 2794 1590 2823 ‚
1628 2766 1699 2814 v.
1745 2766 1815 2835 g.
1846 2761 2077 2813 canem
2096 2790 2116 2821 ,
2153 2736 2208 2808 si
2253 2731 2469 2828 aliquo
2495 2733 2640 2805 loco

627 2845 828 2919 semel
850 2848 1218 2919 verberibus
1238 2856 1532 2944 exceptus
1569 2851 1688 2919 suit
1713 2901 1735 2931 .
1768 2850 2072 2919 diuturno
2112 2851 2399 2938 tompore
2425 2843 2645 2915 locum

625 2954 807 3028 hunc
832 2956 1141 3034 infamem
1164 2980 1280 3050 per
1305 2958 1605 3028 circuitus
1646 2965 1714 3030 et
1755 2959 1982 3050 fugam
2019 2952 2360 3034 declinare,
2398 2951 2647 3027 etiamsi

630 3083 756 3138 nec
789 3065 1137 3136 minimum
1165 3064 1509 3136 verberum
1542 3063 1908 3158 periculum
1951 3063 2156 3134 adsit:
2190 3060 2366 3154 atqui
2382 3111 2404 3142 ,
2437 3061 2491 3131 si
2527 3082 2649 3129 ra·-

628 3161 1038 3244 tiocinaretur
1056 3226 1074 3255 ,
1110 3175 1370 3244 absente
1396 3174 1580 3244 omni
1630 3171 1913 3266 periculo
1941 3169 2158 3240 locum
2186 3177 2353 3241 non'
2371 3168 2646 3260 amplius

626 3281 911 3361 timeret,
937 3282 1120 3351 sicuti
1140 3281 1337 3352 homo
1360 3281 1466 3350 vel
1489 3279 1948 3371 stupidissimus
1976 3276 2232 3346 absente
2263 3276 2451 3346 omni
2472 3274 2651 3367 peri-

624 3388 775 3470 culo
799 3389 1022 3460 locum
1045 3390 1298 3481 proprie
1348 3411 1474 3458 nec
1510 3389 1692 3459 timet
1716 3384 1999 3477 amplius*
2018 3406 2142 3455 nec
2168 3385 2330 3476 sugit
2356 3382 2471 3475 (1).
2642 3452 2647 3459 .

630 3535 636 3546 ·
717 3498 830 3570 65.
862 3495 1151 3569 stabilita
1178 3496 1615 3590 spiritualitate
1632 3498 1867 3566 animm
1896 3495 2160 3588 eiusque
2176 3493 2245 3565 in
2272 3491 2492 3562 multis
2518 3490 2651 3559 suis

691 3776 762 3844 (1)
790 3778 1030 3831 Videatur
1060 3781 1155 3831 hac
1176 3779 1238 3832 dc
1257 3792 1315 3831 rc
1341 3778 1493 3830 etiam
1518 3777 1586 3829 D.
1617 3777 1680 3828 de
1696 3776 1889 3828 Bonald
1908 3789 1930 3828 .·
1950 3773 2204 3827 Rectoerch.
2232 3768 2520 3847 philosoph..
2553 3777 2647 3814 sur·

625 3849 703 3910 les
720 3852 963 3915 prender-s
981 3851 1134 3916 obJ'ets
1151 3851 1242 3901 des
1258 3849 1627 3901 connaissance-s
1652 3847 1929 3901 humaineS.
1962 3846 2117 3897 'rome
2136 3848 2190 3896 2.
2223 3870 2287 3884 -
2300 3844 2385 3896 De
2420 3836 2644 3898 Mansa-e,

629 3918 823 3998 Sqirc‘es
835 3921 900 3975 de
917 3919 1425 4010 Saz'nt·P6ter·5bozcrq.
1451 3920 1606 3983 'rome
1627 3920 1742 3980 10³2-
1762 3918 1820 3983 Ρ.
1839 3917 1890 3978 J·
1912 3918 1972 3976 G·
1988 3916 2247 3984 Debrexne
2268 3926 2283 3964 ε
2305 3909 2509 3965 Pensm
2525 3906 2645 3961 d'un
