2988 4832
1604 516 1736 590 308

661 634 751 699 cst
773 676 793 710 ,
829 634 1127 724 potuisset
1154 655 1289 704 non
1318 634 1487 728 eligi,
1522 653 1658 707 non
1688 659 1843 709 vero
1873 658 1949 709 eo
1996 647 2218 720 sensu,v
2253 638 2429 733 quod
2470 645 2677 732 semel,

616 817 619 820 Α
651 742 897 812 *electus
926 741 1116 833 possit
1146 763 1187 811 a
1223 739 1359 812 Deo
1377 745 1610 815 'rursus
1655 745 1852 839 rejici.
1880 745 2160 834 'Decreta
2191 749 2367 818 enim
2399 749 2522 821 Dei
2562 772 2664 822 seu

659 848 994 935 volitiones
1040 854 1193 919 sunt
1216 851 1617 943 hypothetice
1645 845 2012 924 necessariae
2036 878 2116 925 *ac
2154 858 2343 948 proin
2366 858 2669 928 immuta-

656 956 818 1026 biles
846 985 864 1038 ;
910 958 1060 1048 quia
1090 980 1269 1051 posse
1302 960 1472 1029 velle
1514 961 1640 1030 hoc
1666 961 1773 1031 vel
1811 961 1974 1031 illud
2001 969 2094 1033 est
2116 964 2375 1056 quidem
2427 966 2669 1058 persec-

566 1052 569 1055 ’
658 1066 765 1143 tio,
789 1064 899 1134 sed
924 1088 1105 1158 posse
1132 1069 1297 1138 velle
1324 1069 1452 1139 hoe
1484 1075 1549 1139 et
1577 1069 1726 1140 dein
1763 1071 2108 1141 successive
2138 1094 2319 1164 posse
2343 1094 2483 1141 non
2508 1074 2669 1143 -velle

656 1174 781 1243 hoc
808 1175 1021 1266 ipsum
1048 1227 1065 1256 ,
1102 1182 1195 1245 est
1222 1177 1615 1271 imperfectio
1643 1228 1662 1259 ,
1700 1180 1845 1271 quae
1871 1181 2306 1272 praesupponit
2328 1180 2436 1251 vel
2476 1183 2668 1274 igno-

655 1281 932 1351 rantiam
964 1283 1070 1352 vel
1103 1283 1453 1356 levitatem.

741 1434 813 1505 3⁰
853 1438 1070 1508 Medos
1097 1442 1382 1507 relativos
1412 1463 1517 1507 seu
1543 1444 1892 1522 relationes,'
1926 1447 2142 1536 utpote
2171 1444 2284 1534 qui
2317 1449 2554 1517 statum
2578 1446 2675 1517 inae

655 1548 917 1622 ternum
962 1546 1128 1616 entis
1167 1568 1303 1615 non
1349 1546 1655 1628 afficiunt,
1705 1552 1899 1618 etiam
1938 1550 2132 1618 relate
2163 1549 2245 1619 ad
2274 1549 2486 1639 Deum
2522 1553 2669 1645 poni

654 1656 767 1720 aut
799 1653 936 1722 tolli
963 1676 1165 1746 posse,
1198 1655 1358 1747 quin
1396 1654 1572 1724 Deus
1612 1663 1925 1743 mutetur,
1954 1658 2253 1750 *adeoque
2289 1659 2672 1731 denomina-

652 1761 853 1831 tiones
896 1764 1190 1833 creatoris
1204 1815 1222 1843 ,
1277 1766 1732 1833 conservatoris
1781 1770 1901 1835 etc.
1951 1786 2088 1835 non
2133 1767 2421 1837 efficiunt
2465 1766 2672 1839 Deum

654 1865 1046 1949 mutabilem,
1088 1872 1237 1961 quia
1272 1875 1580 1964 petuntur
1615 1872 1699 1939 ab
1744 1874 2117 1954 extrinseco,
2159 1895 2397 1965 nempe
2434 1874 2524 1946 ab
2555 1897 2680 1964 en-¹

654 1975 819 2046 tibus
844 1977 1164 2070 productIs
1189 1979 1295 2049 vel
1321 1980 1732 2049 conservatis,
2560 2011 2571 2018 ·

1338 2225 1838 2306 OBJECTION
1848 2228 1974 2307 ΕΞ.

742 2475 892 2546 127.
941 2475 1110 2544 OBJ.
1146 2476 1211 2545 1⁰
1234 2459 1357 2559 Qui
1388 2477 1466 2546 de
1493 2499 1628 2548 non
1650 2484 1903 2550 creante
1929 2477 2004 2548 fit
2031 2484 2286 2559 creans‚'
2319 2485 2610 2550 mutatur
2648 2500 2667 2548 ε

617 2656 618 2659 ,
650 2587 824 2672 atqui
845 2581 1015 2657 Deus
1034 2581 1113 2652 de
1135 2604 1269 2653 non
1292 2591 1546 2656 creante
1570 2587 1772 2656 sactus
1798 2592 1891 2656 est
1911 2609 2134 2659 creans
2155 2617 2174 2674 3
2207 2611 2362 2685 ergo
2384 2593 2673 2661 mutatus
2717 2602 2723 2609 '

650 2695 777 2761 est-³

751 2844 837 2916 R.
883 2849 968 2916 D.
1017 2851 1184 2941 Μαί.
1233 2851 1357 2934 Qui
1400 2853 1481 2923 de
1525 2874 1659 2926 non
1694 2863 1952 2929 creante
1993 2862 2068 2931 fit
2106 2883 2351 2944 creans,
2387 2864 2438 2935 i.
2470 2886 2536 2935 e.
2569 2866 2676 2958 qui

648 2959 863 3022 actum
891 2950 1151 3027 creandi
1178 2962 1353 3050 prius
1375 2984 1510 3032 non
1531 2968 1806 3056 positum
1841 2970 2091 3040 interne
2108 2975 2322 3067 ponit,
2360 2981 2665 3053 mutatur,

654 3064 728 3131 C.
765 3065 933 3152 Maj.
972 3065 1096 3147 Qui
1128 3068 1339 3138 solum
1368 3073 1548 3141 actus
1589 3077 1687 3143 sui
1722 3099 1973 3171 semper
2005 3081 2190 3171 positi
2216 3083 2518 3154 effectum
2559 3105 2675 3155 ex·-

650 3175 911 3238 ternum
946 3174 1199 3242 sortitur
1236 3183 1301 3244 et
1337 3180 1599 3268 quidem
1625 3205 1739 3253 suo
1769 3192 1917 3257 actu
1945 3189 2294 3260 formaliter
2324 3193 2664 3269 intentum,

648 3279 735 3347 N.
779 3281 945 3367 Maj.
982 3286 1044 3349 et
1069 3306 1217 3372 par.
1261 3287 1349 3354 D.
1401 3290 1570 3359 Min.
1613 3294 1702 3361 N.
1760 3297 1938 3365 Cone.
1987 3296 2157 3367 Actu
2200 3300 2376 3367 enim
2419 3299 2674 3367 interno

648 3381 821 3453 Deus
848 3407 1100 3480 semper
1138 3390 1256 3459 fuit
1287 3414 1532 3475 creanS,
1579 3399 1692 3467 sed
1725 3406 1901 3471 actus
1926 3403 2036 3474 hic
2076 3406 2426 3476 formaliter
2456 3428 2675 3498 sump-

649 3497 750 3558 tus
774 3515 892 3582 pro
916 3497 1191 3567 termino
1221 3499 1443 3571 habuit
1467 3507 1793 3576 mundum
1820 3510 1893 3577 in
1923 3518 2210 3605 ternpore
2234 3536 2271 3583 e
2297 3514 2500 3583 nihilo
2529 3537 2673 3606 pro-

650 3597 929 3668 diturum
959 3602 1067 3694 (1).
1116 3603 1304 3676 Unde
1345 3617 1521 3679 actus
1568 3612 1790 3684 creans
1821 3624 1883 3686 et
1928 3627 2076 3688 aute
2118 3627 2179 3690 et
2223 3645 2378 3692 cum
2424 3628 2488 3692 et
2534 3625 2675 3714 post

648 3706 1036 3783 existentiam
1060 3715 1291 3787 mundi
1322 3740 1575 3812 semper
1600 3728 1693 3792 est
1724 3724 1919 3807 idem,
1955 3750 2189 3825 nempe
2218 3732 2443 3805 volens
2470 3752 2676 3803 mun-

706 3936 776 4000 (1)
809 3938 935 3999 vide
952 3942 1169 4005 Cosmol.
1192 3948 1325 4003 sect.
1353 3953 1379 4002 1
1426 3950 1547 4004 Gau.
1574 3955 1620 4005 4.
1649 3954 1772 4023 Pag.
1793 3961 1853 4010 53
1882 3962 1934 4010 et
1959 3974 2040 4012 seo
