2988 4832
363 706 612 774 tantum
636 701 779 773 idea
806 715 901 770 veo
929 717 1044 769 esse
1067 702 1425 791 simpliciter
1461 700 1821 771 immcdnate
1853 721 1891 769 a
1926 694 2170 772 rationo
2204 718 2359 794 per-

361 813 613 905 cipitur.
652 888 655 893 ,

443 939 655 1007 Proh:
681 937 835 1007 Ant.
866 934 942 1028 a)
988 937 1222 1003 Veritas
1256 935 1442 1003 estid
1462 986 1479 1012 ,
1514 936 1673 1024 quod
1693 947 1780 1004 cst
1803 986 1820 1015 ,
1855 941 1919 1004 et
1939 956 1980 1004 a
2011 934 2193 1004 nobis
2213 955 2366 1005 con·

358 1040 665 1116 sideratur
685 1051 760 1114 ut
779 1070 896 1113 esse
913 1036 1364 1114 conformitatis
1390 1043 1485 1111 rei
1513 1044 1595 1112 ad
1616 1065 1780 1113 rem.
1817 1043 1936 1111 Ast
1960 1041 2364 1112 conformitas

356 1144 424 1221 iu
455 1154 678 1224 formis
709 1154 1027 1245 signisque
1064 1151 1461 1220 sensibilibus
1480 1153 1880 1243 pulchritudo
1895 1176 1921 1233 ‚·
1960 1153 2365 1222 conformitas

356 1262 684 1331 actionum
732 1282 885 1330 cum
936 1260 1166 1345 norma
1197 1261 1541 1352 honestatis
1599 1262 1913 1330 honestas·
1888 1313 1909 1341 ,
1963 1261 2367 1330 conformitas

354 1368 717 1438 mediorum
746 1366 827 1436 ad
870 1367 1071 1436 finem
1104 1368 1407 1456 sapientia
1448 1366 1838 1459 (obJectiva)
1878 1375 2140 1438 vocatur
2176 1371 2240 1437 et
2280 1367 2369 1436 ita

296 1546 297 1551 ,
354 1496 591 1565 porro;
628 1496 782 1564 ergo
825 1456 1271 1565 pulchritudo,
1318 1473 1663 1553 honestas,
1718 1475 2021 1564 sapientia
2071 1481 2196 1544 etc.
2274 1479 2370 1543 est

354 1581 595 1651 veritas
619 1602 735 1650 seu
769 1603 887 1648 esse
912 1581 1366 1649 conformitatis
1393 1581 1488 1650 rei
1515 1579 1598 1649 ad
1624 1603 1768 1650 rem
1789 1581 1909 1649 sub
1942 1581 2189 1652 diverso
2208 1584 2373 1652 tan--

353 1698 495 1759 tum
517 1695 805 1781 respectu
834 1688 1257 1758 considerata„
1293 1686 1547 1758 Verum
1580 1710 1836 1758 summa
1857 1690 2262 1759 conformitas
2276 1690 2367 1761 ibi

353 1807 448 1869 est
475 1851 493 1878 ,
532 1798 648 1867 ubi
679 1797 860 1865 nulla
893 1796 1177 1867 absolute
1212 1816 1334 1865 nec
1379 1802 1471 1866 est
1502 1806 1624 1865 nec
1664 1819 1796 1866 esse
1824 1801 2028 1889 potest
2055 1797 2368 1866 difformi-

353 1915 447 1975 tas
476 1958 493 1984 ,
538 1911 774 1974 etcum
814 1906 1023 1973 omnis
1058 1903 1431 1972 difformitas
1476 1905 1716 1973 oriatur
1754 1926 1833 1972 ex
1872 1903 2123 1973 defectu
2159 1909 2224 1972 et
2248 1927 2369 1973 ne·-

353 2016 609 2107 gatione
661 2014 872 2103 aliqua
894 2064 910 2093 ,
950 2013 1040 2080 ibi
1070 2013 1191 2080 erit
1217 2033 1474 2081 summa
1512 2013 1960 2099 conformitasi,
1993 2010 2108 2080 ubi
2152 2012 2371 2082 nullus

357 2122 643 2192 absolute
672 2143 793 2189 nec
823 2126 915 2189 est
953 2142 1076 2189 nec
1112 2140 1244 2188 esse
1271 2117 1472 2211 potest
1496 2117 1776 2187 desectus
1799 2170 1816 2196 ‚
1853 2119 2034 2186 nulla
2063 2119 2315 2209 negatio
2343 2170 2365 2198 ‚

355 2238 420 2299 et
448 2229 563 2298 ubi
596 2234 1051 2320 consequenter
1080 2232 1174 2295 est
1203 2227 1554 2296 necessario
1584 2249 1882 2293 summum
1896 2239 1951 2292 et
1966 2228 2217 2315 plenum
2252 2251 2371 2294 esse
2421 2316 2428 2323 ·

355 2340 378 2431 (
426 2359 542 2407 seu
572 2336 702 2405 'ubi
748 2337 957 2405 omnis
1010 2334 1317 2403 distinctio
1368 2334 1462 2404 rei
1494 2333 1580 2402 ad
1625 2356 1769 2404 rem
1816 2334 2126 2426 disparet)
2159 2364 2176 2418 3
2218 2359 2371 2430 ergo

352 2470 594 2515 summa
622 2441 847 2512 veritas
870 2496 887 2522 ,
942 2443 1224 2534 adeoque
1258 2467 1494 2511 summa
1518 2444 1913 2535 pulchritudo
1937 2495 1976 2521 ‚.
2001 2446 2272 2511 honestas
2315 2456 2372 2512 et

306 2558 319 2564 “
353 2556 661 2644 sapientia
683 2553 1104 2622 identificatur
1132 2574 1285 2620 cum
1317 2576 1549 2620 summo
1577 2576 1694 2620 esse
1718 2575 1838 2621 seu
1868 2575 2022 2621 cum
2047 2577 2164 2620 esse
2208 2554 2370 2621 sim·-

352 2665 602 2753 pliciter
623 2687 646 2742 ,·
671 2662 987 2751 ergoidea
1014 2662 1301 2729 absolutoe
1321 2661 1599 2727 veritatis
1626 2711 1645 2738 ,
1687 2662 2172 2750 pulchritudinis
2199 2712 2217 2739 ‚
2251 2663 2373 2729 Ιιο-

353 2771 609 2838 nestatis
635 2782 689 2837 et
713 2770 1026 2859 sapientiae
1056 2774 1149 2835 est
1168 2771 1305 2835 idea
1322 2775 1414 2839 τοῦ
1446 2793 1565 2836 csse
1593 2769 1952 2858 simpliciter
1972 2768 2092 2838 sub
2120 2769 2367 2839 diverso
2407 2797 2414 2805 ·

354 2883 611 2945 tantum
641 2882 928 2953 respectu
962 2874 1351 2943 considerata
1392 2874 1503 2965 (1).

449 3030 520 3120 b)
554 3028 795 3129 Eadem
841 3028 1082 3097 ratione
1113 3025 1533 3095 demonstrari
1572 3031 1779 3118 posset
1813 3076 1829 3104 ‚
1871 3025 2062 3095 etiam
2114 3032 2370 3098 caeteras

423 3285 496 3352 (1)
515 3286 578 3338 Et
590 3301 705 3338 vero
725 3288 874 3338 etiam
895 3299 984 3339 ens
1004 3285 1201 3350 aliquod
1223 3284 1323 3337 talc
1338 3299 1390 3337 v.
1414 3299 1467 3351 g.
1489 3286 1802 3351 horologium
1817 3322 1835 3349 ,
1852 3286 2001 3338 simul
2020 3302 2193 3339 verum
2215 3293 2374 3352 potest

357 3367 466 3409 esse
485 3359 792 3420 horologium
808 3393 825 3419 ‚
848 3362 1089 3421 quatenus
1120 3358 1270 3407 habet
1289 3370 1461 3409 omnes
1482 3359 1802 3421 proprietates
1833 3360 1896 3408 ad
1935 3360 2195 3409 essentiam
2219 3362 2372 3411 horo-

356 3428 482 3490 logii
502 3429 826 3491 pcrtinentes3
855 3428 1119 3493 pulchrum
1135 3466 1151 3494 ,
1177 3432 1418 3492 quatenus
1437 3425 1756 3492 proprietatos
1777 3431 1879 3480 istm
1915 3433 2031 3481 sunt
2050 3431 2142 3480 sibi
2164 3445 2371 3494 propor-

357 3500 560 3549 tionatae
579 3512 595 3561 ;
616 3501 861 3563 sapienter
878 3501 1059 3550 sactum
1076 3538 1091 3566 ,
1116 3505 1359 3564 quatenus
1378 3501 1548 3551 omnia
1568 3503 1621 3551 in
1640 3516 1699 3553 eo
1716 3503 1900 3552 habent
1919 3503 2160 3552 rationem
2181 3504 2375 3554 medio·

359 3584 481 3621 rum
500 3571 562 3620 ad
585 3572 757 3633 tinem·
779 3569 973 3633 bonum,
993 3576 1232 3634 quatenns
1250 3572 1316 3622 ob
1333 3586 1437 3623 esse
1455 3574 1733 3624 mediorum
1753 3575 1816 3623 ad
1835 3574 2021 3634 finem,
2044 3575 2374 3637 praestitutum

360 3645 457 3694 sibi
498 3644 649 3694 tinem
670 3649 836 3694 exacte
869 3646 1158 3708 assequitur.
1193 3647 1254 3696 Et
1274 3662 1372 3710 quo
1393 3647 1560 3699 minus
1592 3650 1811 3711 bonum,
1843 3662 1902 3698 eo
1936 3650 2100 3699 minus
2128 3651 2376 3713 sapienter

363 3716 575 3776 factum3
611 3729 709 3777 quo
730 3715 895 3764 minus
912 3717 1155 3778 sapienter
1177 3719 1395 3781 metum,
1415 3732 1476 3770 eo
1494 3720 1661 3770 minus
1683 3722 1978 3803 pulchrum,
2008 3724 2058 3771 et
2076 3736 2174 3784 quo
2206 3723 2375 3775 minus

363 3788 667 3851 pulchrum,
691 3801 750 3836 eo
768 3788 934 3837 minus
951 3802 1125 3838 verum
1148 3789 1457 3852 horologium
1478 3792 1601 3853 erit,
1624 3795 1676 3839 et
1697 3805 1795 3852 quo
1819 3791 1982 3840 minus
2001 3805 2175 3843 verum
2196 3797 2287 3855 est,
2311 3807 2372 3843 eo

363 3860 530 3908 minus
550 3859 833 3921 simpliciter
853 3860 1001 3910 habet
1033 3874 1137 3910 esse
1159 3861 1397 3924 horologii
1414 3895 1432 3922 ‚
1470 3864 1528 3911 ut
1549 3862 1669 3912 adeo
1701 3874 1805 3910 csse
1823 3862 2108 3927 horologii
2092 3879 2147 3915 ιιι
2167 3865 2369 3915 diversis

365 3930 466 3979 suis
485 3929 714 3993 gradibus
734 3944 763 3979 a
781 3929 983 3981 veiitate
1003 3933 1054 3982 et
1075 3931 1289 3982 bonitate
1307 3966 1329 3995 ,
1346 3934 1470 3992 etc..
1497 3932 1737 3993 horologii
1759 3930 1958 3982 realiter
1976 3948 2078 3984 ιιοιι
2095 3935 2370 4002 distingun-

367 4001 479 4063 tur,
498 3999 584 4051 scd
605 4000 737 4053 idem
757 4000 820 4054 sit
838 4015 941 4056 esse
959 4001 1051 4055 sub
1071 4001 1263 4055 diverso
1283 4005 1475 4053 tantum
1499 4002 1718 4064 ree-pectit
1743 4001 2121 4057 consideratum.

2159 4107 2195 4119 ἢ
