2988 4832
1290 446 1425 520 359

334 573 453 643 tuit
481 573 551 643 in
586 571 722 643 Deo
752 590 886 643 non
924 592 1089 653 esse.
1126 573 1214 643 N.
1249 573 1425 643 Illac.
1477 574 1722 656 Volitio,
1758 578 1832 645 ut
1860 566 2031 644 acius
2058 569 2355 643 termina-

332 682 454 749 tiva
505 679 797 773 sumptus
850 703 962 750 seu
1013 685 1088 748 ut
1137 677 1443 749 tendentia
1493 680 1809 750 volitionis
1853 683 1925 752 in
1967 681 2356 753 existentiam

330 788 562 859 mundi
590 789 793 885 potuit
835 788 906 861 in
943 786 1082 858 Deo
1112 809 1248 857 non
1290 811 1444 868 esse,
1489 790 1565 860 C.
1611 792 1823 872 Illat„
1871 795 1936 861 et
1974 778 2098 861 hoc
2125 786 2355 860 ultimo

331 914 521 965 sensu
568 896 640 965 C.
684 896 855 967 Min.
903 895 993 965 N.
1031 895 1212 966 Cons.
1262 892 1479 988 Itaque
1516 894 1733 965 volitio
1784 902 2158 991 spectata'ut
2186 910 2356 965 actus

330 1003 654 1071 intrinsece
691 1013 749 1069 et
791 1002 863 1069 in
895 1018 996 1082 se.
1041 1001 1407 1094 praecisione
1453 1004 1616 1073 facta
1645 1026 1684 1073 a
1712 1004 2035 1073 tendentia
2081 1006 2153 1073 in
2194 1006 2350 1083 hoc,

329 1130 442 1178 seu
475 1110 611 1202 ipsa
648 1110 874 1179 entitas
915 1110 1095 1179 actus
1136 1115 1228 1179 est
1271 1112 1641 1205 necessaria,
1684 1117 1900 1204 utpote
1942 1112 2194 1182 realiter
2220 1113 2357 1206 ipsa

329 1219 614 1298 essentia,
657 1216 939 1309 adeoque
976 1240 1015 1285 a
1045 1215 1181 1287 Deo
1223 1216 1437 1286 abesse
1468 1220 1690 1308 nequit
1718 1245 1734 1287 ι
1767 1224 1862 1288 ast
1900 1224 2076 1287 actus
2107 1203 2214 1288 hic
2243 1242 2356 1290 seu

329 1325 553 1394 entitas
594 1325 772 1393 actus
809 1326 949 1394 talis
992 1332 1106 1404 est,
1152 1331 1226 1394 ut
1266 1328 1579 1416 respicere
1617 1326 1810 1416 possit
1851 1329 1981 1394 sine
2010 1329 2113 1394 sui
2140 1340 2357 1415 muta-

327 1436 488 1501 tione
511 1434 638 1503 hoc
664 1433 985 1525 objectum
1022 1433 1128 1502 vel
1164 1424 1325 1501 illud
1356 1455 1432 1501 eo
1459 1421 1617 1524 ipso,
1655 1432 1828 1524 quod
1859 1435 1939 1502 sit
1966 1437 2215 1523 infinite
2246 1458 2356 1502 ac-

308 1550 559 1607 -τααταε,
594 1537 931 1631 Supposito
963 1539 1160 1617 enim,
1211 1537 1446 1619 Deum,
1494 1544 1570 1606 ut
1599 1539 1815 1607 tendat
1841 1539 1947 1608 vel
1974 1562 2111 1608 non
2137 1538 2356 1607 tendat

324 1646 397 1714 in
425 1646 768 1737 objectum,
814 1652 924 1715 aut
950 1653 1024 1715 ut
1054 1648 1144 1716 sic
1170 1644 1276 1717 vel
1309 1647 1435 1715 alio
1458 1647 1651 1716 modo
1693 1647 1930 1727 tendat,
1974 1647 2203 1717 debere
2229 1670 2354 1716 no-

314 1775 485 1823 rvum
512 1760 729 1823 actum
752 1755 923 1826 actui
946 1750 1299 1825 necessario
1321 1755 1765 1846 superaddere,
1804 1757 1905 1823 laic
1931 1761 2108 1824 actus
2139 1779 2356 1825 neces-

309 1865 526 1930 ·sarius
546 1864 685 1953 jam
714 1882 848 1932 non
886 1862 1150 1933 haberet
1185 1885 1380 1933 omne
1417 1889 1557 1943 esse,
1603 1887 1754 1932 cum
1792 1865 1964 1933 nova
1998 1867 2353 1933 actuatione

324 1970 546 2060 augeri
582 1976 825 2061 posset3
867 1992 1020 2062 ergo
1055 1976 1230 2043 actus
1267 1972 1375 2040 ille
1390 2022 1407 2051 ‚
1451 1973 1605 2062 quia
1639 1973 1886 2060 infinite
1919 1984 2200 2039 (ictuatus
2234 1978 2347 2051 est,

318 2078 636 2166 respicere
687 2096 800 2147 seu
849 2078 1292 2147 habitudinem
1331 2079 1570 2147 habere
1617 2084 1820 2170 potest
1870 2079 2350 2168 contingentem

326 2186 792 2257 terminativam
831 2187 914 2257 ad
949 2187 1075 2256 hoc
1117 2187 1230 2256 vel
1264 2187 1427 2256 illud
1464 2187 1703 2276 absque
1745 2187 1844 2254 sui
1880 2188 2346 2255 immutatione.

324 2292 484 2364 Dico
515 2297 729 2385 absque
756 2296 857 2365 sui
883 2297 1324 2368 immutatione.
1371 2293 1623 2386 Nempe
1647 2294 1846 2363 homo
1885 2293 2078 2362 hahet
2115 2300 2353 2385 poten-'-

324 2402 482 2471 tiam
516 2402 684 2471 inter
723 2399 942 2494 plures
973 2408 1151 2475 actus
1191 2402 1373 2474 hunc
1409 2404 1516 2473 vel
1554 2402 1751 2497 illum*
1782 2401 2081 2494 eligendi,
2131 2402 2240 2472 sed
2277 2409 2352 2472 ut

324 2508 605 2601 aliquem
631 2511 1052 2584 determinate
1076 2511 1273 2601 eligat
1288 2526 1310 2592 ,·
1353 2531 1611 2581 necesse
1639 2517 1766 2589 est,
1799 2516 1874 2579 ut
1905 2531 1973 2578 se
2001 2514 2210 2578 acmet
2237 2530 2351 2596 seu

323 2622 397 2685 ut
435 2638 474 2685 a
513 2619 965 2709 potentialitate
1007 2626 1287 2693 transeat
1325 2621 1407 2689 ad
1446 2626 1685 2699 actum,
1731 2618 1806 2687 in
1843 2614 1980 2689 Deo
2019 2639 2173 2687 vero
2209 2618 2349 2687 vice

320 2727 788 2816 potentialitatis
832 2731 1123 2821 fungitur
1161 2736 1359 2798 actuS.
1403 2727 1594 2796 Unde
1628 2728 1715 2795 ita
1748 2752 1767 2796 z
1802 2727 2243 2794 Potentialitas
2275 2726 2347 2794 in

323 2831 614 2917 homine,
634 2841 921 2928 spectata
948 2850 1020 2904 ut
1052 2839 1142 2903 sic
1180 2857 1292 2904 seu
1334 2840 1408 2902 ut
1435 2836 1660 2902 entitas
1701 2834 2190 2923 potentialitatis,
2231 2856 2349 2925 per

320 2957 564 3009 >novam
588 2944 1011 3014 actuationem
1039 2964 1175 3011 non
1204 2947 1510 3019 mutatur,
1538 2960 1651 3009 seu
1673 2961 1796 3008 nec
1815 2941 1964 3031 plus
1986 2962 2109 3012 nec
2128 2940 2350 3009 minus

320 3047 598 3117 ‘entitatis
639 3050 997 3142 potentialis
1048 3051 1315 3143 acquirit
1350 3079 1369 3132 3
1427 3068 1583 3142 ergo
1645 3046 1896 3140 concipi
1948 3047 2352 3137 aliquatenus

324 3158 530 3243 potest
554 3177 676 3224 nec
703 3168 907 3226 actum
931 3160 1005 3225 in
1030 3159 1180 3238 Deo,
1213 3169 1541 3249 spectatum
1575 3170 1649 3226 ut
1673 3158 1782 3238 sic,
1816 3177 1935 3249 per
1961 3177 2199 3225 novam
2221 3161 2352 3224 ter-

324 3262 744 3334 minationem
789 3265 1046 3344 mutari,
1098 3265 1248 3357 quia
1291 3288 1408 3359 per
1447 3264 1621 3335 hanc
1665 3264 2181 3335 terminationem
2223 3285 2348 3336 nec

325 3366 472 3459 plus
492 3393 612 3440 nec
632 3373 849 3441 minus
866 3374 1139 3442 entitatis
1160 3373 1425 3443 actualis
1442 3372 1735 3465 acquirit.
1768 3370 2145 3440 Tominatio
2166 3370 2347 3442 enim

324 3472 467 3544 haec
511 3478 617 3547 vel
655 3478 768 3548 illa
806 3485 898 3549 est
933 3479 1143 3552 solum
1175 3480 1477 3575 perfectio
1523 3479 1835 3553 entitative
1873 3502 1988 3553 seu
2031 3483 2344 3572 quatenus

327 3589 423 3651 est
447 3585 585 3677 ipsa
611 3591 864 3656 amia
891 3591 1222 3657 teminata
1253 3610 1365 3660 seu
1401 3591 1664 3670 tendens,
1711 3608 1847 3661 non
1883 3609 2040 3659 vero
2072 3592 2169 3657 est
2190 3607 2345 3682 per-f

325 3691 515 3791 tectio
562 3698 820 3790 praecise
863 3709 935 3768 ut
981 3700 1370 3781 terminati&
1413 3698 1682 3769 essentia
1723 3696 1901 3767 enim
1939 3697 2074 3765 sive
2103 3696 2177 3766 in
2216 3696 2344 3772 hoc·

328 3800 547 3872 tendat
593 3803 735 3908 sive·
769 3806 840 3880 in
892 3807 1052 3880 illud
1071 3858 1092 3893 ,
1141 3812 1475 3903 propterea
1521 3828 1659 3882 nou
1700 3811 1899 3881 cessat
1941 3825 2076 3882 esse
2118 3805 2348 3884 eadem·
