2988 4832
1319 495 1453 570 265

344 624 345 627 ’
450 617 686 689 Dicam
745 617 813 685 t·
885 613 1035 684 Non
1087 615 1506 705 intelligimus
1557 615 1993 692 necessitatem
2038 614 2384 700 existendig
2453 666 2460 673 κ

360 749 521 820 ergo
548 729 692 798 haec
718 725 1058 795 necessitas
1085 725 1337 793 admitti
1363 724 1608 816 nequit.

453 867 534 936 R.
588 869 663 936 C.
701 869 854 937 Ant.
903 869 993 937 Ν.
1051 867 1231 935 Cone.
1275 864 1444 935 Nam
1489 886 1700 958 neque
1729 865 2169 959 concipimus,
2217 887 2390 956 quo-

354 977 555 1047 modo
569 1027 586 1054 ‚
624 976 796 1066 quod
844 977 1022 1067 prius
1067 999 1202 1046 non
1233 982 1405 1054 erat,
1439 976 1698 1067 incipiat
1750 999 1881 1044 esse
1912 1003 1928 1045 z
1963 976 2138 1066 atqui
2167 979 2387 1042 tamen

355 1085 790 1156 necessarium
824 1091 955 1163 est,
991 1069 1073 1152 ut
1103 1108 1219 1152 ens
1260 1085 1587 1174 quodlibet
1617 1084 1718 1152 vel
1747 1083 1830 1152 ab
1871 1091 2109 1152 aeterno
2135 1090 2202 1152 et
2232 1084 2389 1150 hine

355 1194 717 1263 necessario
759 1194 879 1272 sit,
913 1194 1019 1262 vel
1062 1193 1360 1284 deinceps
1399 1195 1731 1283 incoeperit
1760 1214 1935 1274 esse;
1966 1214 2121 1283 ergo
2155 1213 2236 1260 ex
2280 1213 2379 1276 eo,

426 1426 613 1549 {rogum
651 1425 824 1492 itaque
860 1430 1214 1492 argumentum
1244 1440 1338 1491 per
1352 1427 1562 1478 modum
1592 1427 1881 1491 aquationis
1913 1428 2134 1479 breviter
2165 1428 2238 1479 ita
2267 1429 2385 1491 poni

356 1513 444 1571 po
447 1514 497 1549 es

421 1591 519 1641 Ens
544 1604 578 1641 a
602 1605 657 1641 se
658 1622 1500 1645 .................
1534 1606 1622 1628 2-
1654 1592 1755 1643 Ens
1811 1590 2025 1642 existens
2066 1589 2120 1638 vi
2163 1589 2384 1638 essentia

293 1673 307 1734 3
426 1732 526 1784 Ens
547 1733 759 1785 existens
784 1734 836 1785 vi
856 1735 1078 1786 essentiae
1099 1749 1201 1786 suae
1235 1738 1509 1788 necessario
1536 1744 1626 1779 ···-·=-·
1654 1676 2385 1796 Effixistensvipossibiiitatis

414 1876 515 1926 Ens
530 1876 748 1927 existens
765 1878 815 1929 vi
837 1878 1167 1941 possibilitatis
1187 1875 1494 1933 absolutae..
1528 1897 1612 1927 ..-=
1630 1809 2105 1931 Ειζὴιῗὲἐῖιὶξῗίιιιιιιιι.
2125 1875 2256 1940 Ergo

418 1948 515 1998 Ens
537 1965 571 1999 a
601 1965 659 2000 se
680 1950 957 2000 necessario
962 1983 1497 2005 ...........
1525 1970 1621 2001 -.----·
1644 1953 2092 2087 Εηῗζιῖιιιῑίεῧὲιὶιὲιιιι
2112 1968 2201 2003 seu
2215 1951 2384 2002 infini-

423 2125 584 2186 Atque
607 2123 671 2172 ad
711 2124 808 2172 hoc
842 2126 1195 2185 argumentum
1227 2124 1400 2174 omnia
1425 2082 1525 2174 alia
1560 2126 1885 2188 argumenta,
1906 2122 2119 2187 quibus,
2156 2124 2383 2187 quamvis

354 2195 468 2244 aliis
501 2198 552 2244 et
574 2194 682 2243 aliis
701 2195 898 2256 verbis,
936 2208 1024 2244 ens
1044 2208 1076 2245 a
1095 2209 1149 2244 se
1167 2195 1405 2257 probatur
1424 2209 1529 2247 esse
1550 2194 1804 2246 infinitum
1818 2230 1835 2257 ‚
1864 2195 2034 2258 quoad
2064 2195 2383 2246 intrinsecam

354 2271 409 2316 et
426 2268 726 2329 quandoque
754 2279 859 2317 non
890 2266 1019 2317 nihil
1037 2267 1344 2317 reconditam
1361 2267 1468 2317 vim
1485 2267 1732 2317 ratiocinii
1752 2267 2023 2317 necessario
2054 2266 2379 2317 reducuntur.

413 2349 492 2399 Ex
510 2351 604 2399 hoe
624 2350 793 2398 autem
812 2348 875 2397 ad
895 2348 1046 2398 aliam
1074 2347 1396 2411 quaestionem
1415 2349 1684 2399 transimus
1698 2386 1715 2414 ,
1744 2351 1797 2398 et
1817 2347 1887 2398 ita
1905 2346 2263 2398 ratiocinamur
2286 2361 2301 2398 ε

415 2430 465 2496 a)
497 2429 680 2481 Omnia
707 2433 1003 2494 argumenta
1026 2445 1115 2493 pro
1144 2430 1404 2481 existentia
1427 2430 1522 2481 Dei
1542 2431 1707 2481 afferri
1726 2431 1870 2481 solita
1891 2429 2091 2496 (praeter
2109 2444 2379 2493 argumen-

350 2510 464 2554 tum
482 2504 547 2553 ab
561 2502 674 2553 idea
688 2502 783 2552 Dei
803 2505 854 2552 et
873 2503 1001 2553 entis
1020 2502 1281 2553 realissimi
1295 2539 1314 2567 ,
1335 2505 1387 2552 et
1403 2502 1528 2553 illud
1549 2517 1579 2552 a
1598 2517 1745 2553 sensu
1761 2507 1950 2553 naturoe
1971 2503 2227 2552 communi
2248 2504 2375 2565 peti-

350 2574 480 2641 tum)
500 2576 713 2637 probant
728 2572 1023 2634 obJectivam
1044 2575 1319 2624 realitatem
1338 2589 1426 2627 seu
1441 2575 1754 2625 existentiam
1786 2574 1915 2624 entis
1938 2587 1972 2624 a
1990 2587 2063 2626 se.
2087 2573 2184 2624 Ens
2207 2579 2377 2625 autem

348 2660 382 2696 a
408 2662 462 2695 se
477 2661 580 2698 esse
597 2645 852 2696 infinitum
875 2660 963 2695 scu
981 2645 1145 2696 Deum
1166 2648 1377 2709 probare
1408 2649 1555 2698 aliter
1583 2661 1687 2697 non
1708 2649 1940 2710 possunt,
1975 2660 2127 2710 quam
2147 2662 2234 2710 per
2252 2663 2374 2699 ana-

348 2721 551 2782 lyticam
569 2718 901 2768 evolutionem
929 2718 1052 2769 ideae
1071 2719 1199 2770 entis
1219 2734 1254 2771 a
1271 2734 1326 2770 se
1342 2722 1637 2784 argumento
1658 2733 1807 2782 supra
1824 2719 2060 2781 exposito.
2082 2720 2274 2770 Verum
2345 2738 2354 2744 ·

413 2810 462 2873 b)
475 2809 581 2860 Hoc
601 2813 952 2873 argumentum
967 2808 1231 2874 subjective
1251 2815 1524 2873 spectatum
1541 2811 1673 2860 idem
1690 2811 1886 2861 videtur
1904 2824 2007 2861 esse
2029 2826 2087 2861 ac
2107 2827 2378 2876 argumen-

354 2888 462 2931 tum
481 2884 708 2931 nostrum
726 2881 1062 2942 ontologicum
1094 2882 1159 2930 ab
1187 2881 1301 2930 idea
1325 2881 1452 2932 entis
1473 2880 1752 2943 malissimi,
1771 2880 1903 2942 quod
1920 2880 2096 2930 cadem
2115 2882 2307 2934 ratione
2327 2888 2381 2933 et

349 2955 438 3073 vic}
456 2954 641 3089 822332·
641 2953 857 3018 iuver-soi,
882 2953 953 3003 ita
970 2951 1123 3004 etiam
1142 2952 1308 3015 ipsum
1325 2955 1416 3016 per
1432 2953 1642 3003 modum
1662 2951 1953 3018 aequationis
1967 2952 2183 3004 breviter
2197 2952 2379 3019 exponi

437 3040 486 3074 OS

353 3040 511 3166 poEns
529 3115 857 3166 realissimum
880 3129 942 3166 ex
958 3085 1195 3177 conceptu
1212 3128 1339 3166 suo.
1412 3134 1516 3165 ==
1540 3113 1639 3165 Ens
1680 3114 1733 3164 vi
1762 3112 2111 3177 {possibilitatis
2140 3116 2373 3167 absolutae

1637 3186 1850 3237 existens
1874 3200 1891 3216 ·

411 3258 572 3309 Ensvi
586 3258 914 3322 possibilitatis
934 3258 1166 3309 absolutae
1187 3260 1398 3308 existens
1411 3274 1509 3305 ετ..-
1533 3256 1640 3307 Ens'
1652 3258 1703 3309 vi
1725 3224 1945 3309 essent’iae
1964 3257 2205 3323 existens;

410 3329 510 3380 Ens
530 3331 580 3379 vi
599 3331 819 3383 essentiae
837 3330 1050 3382 existens
1051 3364 1382 3386 .......
1410 3347 1509 3379 ==
1532 3331 1632 3381 Ens
1655 3345 1689 3382 a
1709 3346 1763 3383 se
1774 3346 1797 3399 ,·

411 3400 511 3453 Ens
529 3416 562 3453 α
582 3417 634 3454 se
634 3435 1372 3457 ...............
1411 3418 1506 3443 -’-·-·
1525 3403 1625 3455 Ens
1641 3403 1915 3457 necessario
1930 3417 2019 3457 seu
2034 3404 2105 3455 ita
2120 3408 2232 3455 actu
2250 3405 2379 3472 exis·

1044 3489 1049 3493 ⁴
1120 3495 1233 3543 tens
1248 3527 1268 3557 ,
1291 3497 1349 3544 ut
1371 3508 1470 3543 non
1492 3495 1644 3557 possit
1661 3479 1853 3558 concipi
1875 3499 1988 3545 actu
2005 3510 2106 3546 non
2148 3497 2374 3550 existere.

413 3575 460 3639 e)
477 3575 605 3639 Ergo
633 3582 738 3627 tam
766 3573 1080 3625 ratiocinium
1099 3605 1120 3636 ,
1152 3587 1251 3637 quo
1272 3573 1335 3623 ab
1354 3573 1469 3626 idea
1489 3575 1617 3626 entis
1634 3589 1668 3627 a
1688 3591 1741 3627 se
1761 3576 1825 3627 ad
1852 3574 1961 3639 ejus
1976 3590 2081 3629 esee
2099 3576 2377 3640 infinitmn.

352 3657 504 3709 quam
522 3646 864 3709 ratiocinium,
882 3660 981 3709 quo
1007 3644 1069 3696 ab
1089 3645 1204 3696 idea
1221 3646 1349 3697 entis
1376 3647 1636 3698 realissimi
1668 3648 1733 3698 ad
1754 3650 1995 3701 actualem
2025 3650 2135 3714 eius
2158 3651 2376 3704 existen·

351 3721 476 3842 :3¹3
495 3721 834 3847 ξιξὲιὲἒεῗίιιιτ,
855 3720 1117 3785 utrmque
1138 3718 1239 3783 per
1265 3717 1542 3783 simplicem
1560 3723 1614 3771 et
1630 3719 1842 3773 eandem
1858 3720 2111 3789 moly-sim
2134 3722 2261 3774 ideoe
2284 3723 2374 3775 ab·

408 3945 617 4005 (i)0ntol.
631 3950 744 3996 Part.
764 3946 821 3991 11
848 3946 1018 3994 secun.
1044 3946 1147 4005 cap.
1174 3943 1215 3990 ¹.
1229 3945 1330 4003 Peg.
1355 3945 1452 3995 230.
1469 3943 1573 3990 vide
1588 3937 1715 3991 etiarn
1740 3950 1899 4002 notam,
1923 3947 1969 3992 et
2007 3947 2067 4002 '’J'-
2088 3948 2138 3991 3ο
2157 3950 2255 3992 Pac.
2273 3944 2375 3991 2⁴³·

533 4037 583 4085 ιι
2156 4010 2242 4086 23
