2988 4832
1214 537 1338 608 165

267 645 335 707 ut
375 647 730 737 utrumque
751 644 884 717 suis
920 646 992 717 in
1032 649 1309 720 motibus
1348 646 1604 725 easdem
1637 653 1721 725 ad
1749 652 2052 727 amussim
2087 657 2279 750 leges*

264 756 576 839 sequatur,
603 758 790 845 atque
811 754 1035 826 eadem
1055 757 1232 828 initio
1250 758 1466 830 motus
1489 761 1576 832 ita
1592 757 1855 854 dirigat,
1880 766 1956 833 ut
1983 759 2100 833 sibi
2119 787 2264 834 mu-

264 860 368 924 tuo
412 861 990 951 correspondeant:
1027 863 1154 934 hac
1185 867 1361 939 enim
1392 868 1636 939 ratione
1664 868 1893 939 eadem
1925 868 2273 943 harmoni&

262 971 469 1035 motus
487 990 633 1038 suos
659 971 1152 1055 continuabunt,
1199 975 1287 1043 ita
1305 981 1379 1044 ut
1398 999 1736 1068 nunquam
1760 978 2170 1061 dissentiant:
2198 980 2279 1071 3)

263 1068 551 1152 demum,
580 1097 632 1143 si
614 1076 882 1157 eadem
900 1079 988 1148 ita
1022 1082 1434 1151 connexuerit
1459 1085 1701 1163 artifex,
1730 1089 1804 1153 ut
1823 1086 2096 1155 alterum
2120 1093 2269 1177 agat

259 1179 323 1246 in
363 1181 639 1252 alterum
667 1186 891 1254 mutua
926 1187 1208 1277 quadam
1238 1188 1683 1280 dependentia.
1731 1190 1951 1261 Prima
1981 1193 2084 1262 via
2119 1216 2264 1283 sys-

258 1298 410 1356 tema
427 1295 823 1372 assastentim
846 1294 1128 1373 secunda
1142 1297 1481 1366 harmoniae
1490 1298 1939 1388 praestabilitae,
1965 1300 2195 1369 tertia
2165 1322 2264 1367 m-

258 1396 468 1481 flumas
477 1400 726 1490 physici
751 1408 1182 1492 repraesentat.

336 1542 563 1613 Senot..
595 1542 801 1614 Datur
834 1552 896 1615 et
943 1553 1247 1637 quartum
1275 1557 1600 1638 systema:
1653 1557 1888 1622 selucet
1910 1555 2260 1623 mediatoris

254 1651 522 1732 plastici
555 1673 598 1720 a
620 1651 866 1722 Joanne
894 1652 1164 1722 Leelere
1187 1654 1425 1725 Batavo
1469 1661 1942 1749 excogitatum,
1995 1662 2145 1783 qui,
2188 1668 2265 1729 ut

257 1758 713 1829 commercium
732 1761 964 1830 animae
985 1783 1137 1829 cum
1161 1784 1423 1887 corpore
1448 1765 1806 1856 explicaret,
1829 1766 2058 1835 finxit
2035 1787 2107 1836 m
2138 1788 2265 1835 no-

255 1863 343 1932 his
368 1888 505 1934 esse
532 1868 918 1959 principium
948 1868 1271 1960 quoddam
1291 1872 1553 1950 vivenS,
1602 1894 1723 1941 nec
1761 1874 2027 1942 omnino
2064 1876 2259 1966 spiri-

255 1973 440 2053 tuale,
471 1994 596 2043 nee
618 1976 884 2053 omnino
913 1976 1282 2056 material&
1338 1980 1520 2067 cujus
1552 1979 1981 2050 ministerium
2007 1982 2125 2059 sit,
2177 1980 2259 2049 ad

254 2085 480 2152 animae
517 2084 864 2174 imperium
887 2106 1148 2153 movere
1172 2106 1402 2174 corpus
1427 2135 1446 2162 ,
1506 2091 1571 2153 e't
1599 2087 1927 2157 occasione
1955 2092 2257 2155 motuum

254 2189 529 2283 corporis
562 2189 641 2257 de
662 2189 739 2258 iis
778 2191 1066 2258 animam
1103 2189 1448 2258 admonere
1467 2241 1484 2268 ,
1519 2191 1641 2281 ipsi
1670 2193 2055 2262 sensationes
2097 2215 2254 2284 gra-

252 2305 340 2365 tas
381 2297 496 2367 vel
550 2298 832 2389 ingratas
876 2297 1336 2390 imprimendo.
1386 2295 1789 2388 Principium
1831 2300 1958 2369 hoe
2012 2302 2267 2371 vocavit

250 2406 633 2476 mediatorem
650 2407 1003 2496 plasticam.
1044 2404 1162 2473 Ast
1184 2409 1456 2495 systema
1499 2405 1629 2475 hoc
1659 2428 1795 2475 non
1822 2407 2039 2476 ¹solum
2062 2409 2263 2500 gratis

249 2511 555 2574 assertum
574 2511 669 2573 est
691 2532 708 2586 ;
761 2526 917 2573 eum
935 2504 1102 2572 inter
1126 2504 1552 2595 compositum
1579 2509 1647 2573 et
1666 2505 1929 2597 simplex
1967 2506 2267 2575 medium.

248 2609 377 2682 dari
423 2632 568 2685 non
608 2613 849 2704 possit3
907 2611 1019 2682 sed
1056 2614 1318 2704 insuper
1374 2614 1569 2683 etiam
1606 2613 1830 2682 inutile
1881 2619 2012 2693 est,
2065 2619 2253 2705 atque

246 2719 311 2787 in
348 2719 614 2790 easdem
640 2721 911 2789 incurrit
937 2718 1336 2791 difficultates
1359 2771 1378 2800 ‚
1428 2725 1688 2813 propter
1717 2742 1874 2811 quas
1921 2721 2256 2790 solvendas

246 2834 643 2921 assumptum
678 2834 794 2897 est.
833 2826 904 2896 Si
940 2828 1119 2897 enim
1146 2828 1457 2897 mediator
1499 2827 1609 2896 ille
1643 2833 1734 2895 est
1766 2828 2148 2917 compositus
2176 2848 2254 2897 ae

245 2938 424 3028 proin
445 2935 809 3014 materialis,
837 2934 1159 3026 quomodo
1182 2936 1313 3027 agit
1332 2936 1404 3004 in
1424 2934 1713 3003 animam
1727 2934 1763 3001 ‘t
1818 2932 1890 3004 Si
1913 2954 2069 3003 vero
2089 2933 2257 3002 sim-

243 3042 402 3145 pla,
436 3042 760 3134 quomodo
782 3043 915 3134 agit
944 3043 1014 3110 in
1045 3064 1275 3133 corpus
1295 3045 1332 3109 ‘2

251 3196 550 3288 ltaque
575 3195 703 3265 hoc
728 3193 1147 3289 praetermisso
1182 3194 1684 3265 examinabimus
1711 3196 1835 3265 tria
1860 3194 2132 3287 reliqua,
2174 3192 2261 3265 de

241 3305 495 3392 quibuS,
527 3310 675 3375 utut
701 3302 964 3396 quaestio
985 3324 1102 3394 per
1137 3325 1204 3371 se
1242 3304 1534 3373 intricata
1567 3308 1685 3383 est,
1718 3302 1804 3372 ita
1837 3302 2087 3373 videtur
2120 3323 2253 3372 esse

236 3410 695 3482 statuendum.

322 3568 364 3634 7
369 3567 440 3637 5
488 3564 733 3639 PROP.
778 3566 832 3640 1.
880 3566 1165 3639 Svsmm
1218 3588 1537 3639 emmanu
1591 3531 2064 3688 occAsiomnim
2117 3583 2262 3635 ειη

237 3680 630 3747 ASSISTEN'HAE
678 3658 981 3747 sumnum
1022 3698 1264 3759 nssomr.
2254 3717 2257 3722 -

323 3819 848 3912 Prob.11⁰1nter
887 3846 1119 3919 corpus
1152 3831 1217 3897 et
1259 3825 1546 3895 animam
1582 3845 1660 3892 ea
1693 3822 1848 3892 unio
1888 3820 2255 3900 intercedit,‘

235 3925 297 3998 vi
348 3931 538 4024 cujus
580 3947 674 4003 ex·
703 3927 948 4015 duabus
992 3934 1123 4008 istis
1174 3932 1531 4005 substantiis
1581 3931 1781 4003 oritur
1830 3930 2250 4022 compositum
