2988 4832
1713 456 1756 528 8

692 570 841 745 «larg
857 589 1050 748 ³1?ng
1071 571 1362 644 sanctitas
1380 570 1499 643 Dei
1519 570 1601 643 ad
1626 457 1958 645 {smmum
1988 572 2175 667 exigit
2189 587 2217 656 ,·
2244 575 2321 644 ut
2343 545 2683 644 alterisvita

691 696 745 745 sl
841 702 883 746 U
929 701 1009 749 la·

779 831 859 907 R.
909 833 1203 926 Inprimis
1237 837 1310 907 C.
1350 839 1517 926 Maj.
1557 842 1622 913 et
1653 839 1741 909 N.
1775 839 1941 909 Min.
1981 835 2150 907 Nam
2176 833 2232 905 si
2275 839 2505 916 nunc,
2533 853 2694 913 ,cum

691 962 1059 1033 persuasum
1085 943 1454 1013 hominibus
1482 950 1577 1013 est
1601 945 1679 1013 de
1706 945 1901 1013 altera
1919 945 2050 1013 vita
2071 997 2089 1023 ,
2128 950 2219 1014 tot
2237 943 2361 1013 sint
2383 996 2400 1022 ,
2439 939 2556 1034 qui
2583 962 2698 1011 cu-

689 1044 1053 1141 piditatibus
1070 1051 1312 1142 abrepti
1340 1051 1749 1135 praesentibus
1773 1049 1960 1119 bonis
1989 1050 2240 1119 inhiant
2258 1044 2314 1130 ,⁶
2325 1049 2482 1141 quid
2522 1046 2697 1117 futu·

690 1178 840 1241 rum
868 1163 1060 1236 esset,
1098 1157 1152 1233 si
1197 1158 1275 1229 de
1321 1157 1646 1227 existentia
1673 1158 1928 1226 alterius
1969 1157 2115 1228 vitae
2153 1158 2515 1246 legitimum
2550 1156 2693 1225 for-

691 1263 852 1332 mari
880 1269 1083 1357 posset
1111 1263 1378 1334 dubium
1398 1268 1431 1332 ‘t
1467 1265 1621 1346 Quis
1659 1265 1991 1356 praesentia
2042 1271 2105 1334 et
2136 1259 2326 1334 'certa
2366 1263 2598 1334 futuris
2630 1269 2701 1332 et

690 1372 754 1439 in
767 1372 948 1440 certis
971 1393 1102 1441 non
1134 1375 1597 1464 anteponeret?
1639 1370 1805 1441 Dein
1829 1423 1846 1452 ,
1882 1373 2034 1439 data
2055 1373 2239 1439 etiam
2273 1373 2524 1441 Minore
2549 1421 2570 1450 ,
2604 1373 2700 1440 N.

694 1479 872 1547 Cons.
901 1476 1068 1547 Nam
1102 1484 1267 1546 certe
1301 1479 1593 1546 sanctitas
1619 1476 1736 1547 Dei
1768 1478 2121 1570 praeprimis
2147 1478 2379 1569 exigit,
2405 1488 2493 1546 'ut
2523 1472 2703 1546 Deus

690 1584 770 1653 sit
798 1609 990 1652 verax
1040 1596 1096 1652 et
1117 1588 1323 1673 justus
1359 1608 1381 1652 .·
1432 1586 1608 1676 atqui
1655 1585 1899 1654 sublata
1930 1585 2128 1654 altera
2170 1583 2303 1652 *vita
2333 1608 2532 1653 verax
2562 1607 2698 1656 non

654 1698 846 1761 -esset
876 1715 952 1760 ex
977 1692 1342 1784 probatione
1396 1693 1541 1774 1¹²¹·;
1580 1716 1685 1759 nec
1702 1696 1939 1781 justus,
1982 1714 2135 1760 cum
2168 1691 2347 1761 omni
2396 1691 2698 1762 mercede

689 1798 919 1895 probos
949 1798 1372 1878 defraudaret,
1413 1800 1525 1891 qui
1557 1807 1772 1868 tamen
1803 1799 1971 1868 illius
1998 1799 2234 1869 intuitu
2282 1797 2492 1867 multa
2520 1799 2720 1876 mala,

688 1905 1114 1998 pertulissent,
1157 1914 1221 1977 et
1264 1907 1434 1980 bona
1474 1907 1845 2000 temporalia
1873 1906 2322 1999 despexissent,
2363 1913 2439 2009 ut
2475 1896 2700 1977 virtuti

688 2012 1106 2085 adhaererent.

770 2167 930 2236 Inst.
958 2168 1040 2235 -10
1074 2166 1246 2239 Deus
1278 2175 1372 2245 est
1394 2142 2108 2261 supremusbominuu
2150 2188 2307 2260 ergo
2338 2166 2482 2235 sine
2511 2164 2701 2235 omni

688 2274 978 2345 mercede
1001 2275 1060 2344 ei
1081 2276 1297 2345 omnia
1319 2275 1751 2348 debemus.—
1764 2278 1901 2347 Imo
1925 2330 1940 2357 ‚
1975 2275 2276 2368 nunquid
2303 2295 2439 2343 non
2465 2294 2701 2344 omnes

686 2395 1059 2474 peccamus,
1118 2386 1183 2451 et
1220 2389 1474 2476 peccato
1516 2402 1650 2455 uno
1674 2439 1690 2466 ,
1740 2384 2037 2477 nunquid
2077 2404 2214 2455 non
2258 2382 2426 2477 plus,
2461 2380 2696 2451 deme-

647 2547 653 2554 .
686 2511 907 2560 remur
926 2542 946 2574 ,
987 2489 1498 2588 quam-omnibus
1523 2491 1708 2565 bonis
1743 2492 2038 2584 operibus
2062 2488 2296 2563 mereri
2315 2487 2633 2583 possimus
2657 2491 2694 2557 ‘t

687 2592 882 2691 Ergo.

768 2752 871 2833 Rs
903 2765 978 2835 C.
1010 2755 1268 2837 ‘Antfe't
1300 2756 1620 2840 Diem]
1660 2761 1804 2850 lta(
1835 2776 1910 2839 ut
1951 2768 2126 2841 Deus
2155 2769 2457 2839 virtutem
2495 2767 2691 2837 etiam

685 2872 913 2965 punire
940 2879 1005 2943 et
1028 2875 1258 2945 vitium
1283 2879 1604 2969 praemiari
1624 2880 1835 2971 possit,
1871 2881 1964 2951 Ν.
2001 2880 2181 2948 Cana.
2214 2875 2434 2947 Secus,
2459 2877 2685 2945 Trans.

691 2973 869 3051 Gom.
910 2981 1110 3073 Atqui
1144 2984 1215 3052 in
1243 2986 1503 3067 ordine,
1538 2987 1651 3077 qui
1688 2989 1992 3056 nuncest
2031 2985 2103 3054 in
2130 2984 2257 3055 hoc
2302 2983 2581 3064 mundo,
2635 2985 2688 3057 si

646 3165 654 3174 ,
686 3087 1043 3159 nulla‘esset
1067 3089 1409 3161 alteravita
1425 3145 1442 3172 ,
1479 3092 1653 3162 Deus
1677 3095 1978 3163 virtutem
2005 3094 2300 3185 puniret,
2333 3094 2564 3162 vitium
2584 3113 2688 3162 re·

685 3191 1129 3268 muneraretur
1150 3201 1203 3280 ,⁸
1218 3199 1535 3292 siquidem
1560 3202 1632 3270 in
1659 3202 1784 3281 hoc
1806 3200 2032 3282 ,ordine
2056 3252 2075 3281 ,
2122 3203 2221 3269 uti
2264 3199 2525 3269 felicitas
2552 3199 2683 3269 ho·-

685 3309 878 3378 minis
897 3305 1172 3399 improbi
1210 3307 1281 3378 in
1325 3312 1460 3401 ejus
1488 3309 1728 3378 malitia
1744 3359 1761 3388 ,
1797 3310 1884 3378 ita
1908 3308 2159 3378 miseria
2201 3306 2479 3375 hominis
2501 3302 2710 3397 probi·

685 3434 848 3509 saepe
873 3416 944 3488 in
970 3416 1261 3488 exercitio
1296 3416 1545 3505 virtutis
1578 3437 1836 3487 causam
1865 3416 2082 3487 habet.
2123 3414 2297 3506 Ergo
2320 3419 2490 3484 recte
2521 3434 2687 3502 corr-q

685 3522 1003 3597 cludimus
1027 3525 1112 3596 ad
1138 3523 1404 3597 alteram
1436 3523 1658 3595 vitam.
1693 3521 1916 3617 Neque
1938 3523 2115 3612 enim
2144 3522 2498 3594 dominium
2523 3520 2646 3592 Dei
2660 3530 2691 3604 ,¹

685 3636 830 3703 utut
861 3654 1233 3728 supremum
1258 3683 1277 3717 ,
1319 3630 1747 3704 contradicere
1779 3638 1981 3725 potest
2008 3631 2238 3704 divinae
2273 3630 2403 3701 sive
2446 3628 2687 3700 sancti-

685 3742 797 3816 tati
818 3740 1245 3836 sivejustitiae.
1288 3740 1609 3811 Rationem
1637 3741 1918 3812 additam
1957 3742 2045 3813 D.
2077 3738 2226 3811 Uno
2256 3744 2514 3834 peccato
2535 3734 2691 3827 plus

685 3847 1088 3934 demeremur
1127 3857 1246 3932 etc.
1285 3871 1339 3962 ει,
1376 3872 1492 3927 nos
1535 3871 1670 3957 uon
1699 3851 1998 3960 poeniteat
2037 3849 2202 3927 etin
2235 3847 2358 3929 alio
2406 3843 2688 3941 ordines,
