2988 4832
1588 477 1721 549 384

1208 710 1211 713 ’
1327 740 1968 846 OBJEGTIONES.

612 1034 620 1045 -
748 984 898 1055 179.
950 981 1129 1055 om·
1163 983 1226 1051 1ο
1258 977 1326 1052 Si
1349 962 1528 1052 Deus
1553 979 1767 1071 dirigit
1789 960 2016 1047 ‘omnia
2044 973 2127 1047 ad
2164 966 2405 1055 finem,
2388 981 2419 1019 ·‘
2438 975 2595 1064 ergo
2617 975 2678 1040 et

615 1097 996 1181 peccatum
1037 1098 1102 1164 et
1127 1091 1461 1162 hominem
1488 1091 1861 1181 peccantem
1908 1084 2122 1176 dirigit
2147 1083 2231 1154 ad
2256 1083 2527 1153 manifes
2530 1088 2678 1149 tan-

618 1196 806 1267 dam
831 1221 1013 1267 suam
1029 1198 1385 1289 Justitiam·
1412 1194 1589 1286 atqui
1613 1195 1669 1262 si
1690 1192 1863 1262 Deus
1879 1188 2217 1285 peccatum
2248 1195 2311 1259 et
2339 1189 2675 1258 hominem
2783 1256 2788 1261 .

620 1282 1028 1394 peccantem
1053 1303 1265 1393 dirigit
1298 1303 1382 1371 ad
1410 1302 1663 1380 finem',
1720 1301 1861 1368 vult
1884 1303 2219 1391 peccatum
2258 1302 2323 1364 et
2349 1296 2681 1376 hominem

627 1428 632 1452 ⁴
653 1416 1029 1502 peccantem
1050 1417 1121 1479 ut
1147 1411 1439 1480 medium
1463 1386 1551 1479 ad
1575 1410 1798 1488 finem,
1829 1409 2003 1498 quod
2027 1412 2380 1499 repugnat;
2410 1427 2618 1498 ergo..

746 1572 830 1643 R.
883 1575 993 1642 Tr.
1024 1587 1198 1663 *Mam
1242 1577 1328 1642 D.
1370 1573 1543 1646 Min.
1596 1570 1771 1640 Deus
1799 1569 1939 1638 vult
1981 1574 2319 1661 peccatum
2352 1578 2417 1638 et
2446 1593 2683 1661 pecca-

652 1687 861 1751 torem
881 1687 953 1749 ut
985 1682 1274 1750 medium
1296 1681 1624 1751 voluntate
1650 1684 2079 1768 consequente
2103 1678 2374 1746 liberam
2403 1678 2682 1747 hominis

653 1787 1252 1858 determinationem
1282 1788 1362 1857 ad
1389 1792 1767 1880 peccatum,
1813 1787 1885 1854 C.
1922 1786 2092 1855 Min.
2129 1783 2475 1854 Voluntate
2508 1792 2684 1853 ante-

656 1894 967 1974 cedente,
1017 1897 1106 1965 N.
1149 1892 1319 1966 Min.
1374 1894 1612 1985 Utique
1647 1895 1839 1962 etiam
1879 1899 2219 1984 peccatum
2265 1892 2476 1983 dirigit
2513 1891 2683 1961 Deus

655 1999 738 2068 ad
775 2001 984 2097 finem
1000 2003 1424 2120 generalem,
1468 2003 1675 2094 posito
1708 1999 1883 2091 quod
1911 2001 2150 2068 existat.
2197 1998 2317 2068 Ast
2346 2007 2682 2092 peccatum

655 2130 794 2180 non
834 2117 930 2180 est
977 2084 1406 2180 necessarium
1455 2109 1746 2179 medium
1791 2108 1875 2177 ad
1919 2108 2494 2180 manifestationem
2527 2112 2683 2200 jus—

657 2217 1095 2309 titiae.1taque
1133 2217 1309 2288 Deus
1359 2238 1483 2287 nec
1530 2222 1907 2310 peccatum,
1958 2236 2081 2284 nec
2110 2216 2683 2287 manifestationem

655 2326 915 2416 justitiae
954 2347 1084 2395 suae
1118 2348 1233 2419 per
1263 2329 1634 2419 peccatum,
1681 2345 1804 2392 nec
1831 2314 2177 2414 peccatoris
2204 2324 2684 2395 damnationem

655 2434 798 2518 vult
820 2435 1133 2502 voluntate
1151 2435 1551 2515 antecedenti,
1577 2433 1687 2501 sed
1709 2433 1919 2502 solum
1941 2433 2250 2502 voluntate
2273 2439 2648 2525 consequenti
2660 2489 2677 2515 ,

656 2542 856 2631 posito
905 2542 1219 2609 nimirum
1265 2544 1525 2630 peccato
1571 2545 1634 2608 et
1679 2538 2025 2631 peccatoris
2054 2542 2259 2608 morte
2288 2540 2358 2608 in
2398 2549 2678 2633 peccato.

658 2645 732 2716 Id
758 2668 913 2717 vero
951 2668 1088 2715 non
1121 2652 1486 2737 repugnat:
1525 2668 1680 2735 nam
1708 2647 1965 2737 justitia:
1996 2646 2414 2718 manifestatio
2447 2671 2565 2740 per
2594 2652 2681 2718 ri-

659 2775 888 2847 gorem
934 2774 1144 2845 poenae
1191 2775 1231 2823 a
1273 2754 1476 2824 libera
1518 2753 1798 2823 hominis
1826 2754 2153 2824 voluntate
2181 2754 2675 2835 determinatur,

598 2899 603 2902 ·
659 2867 975 2952 quatenus
1004 2861 1357 2930 recusando
1386 2861 1601 2931 Deum
1642 2862 1842 2931 libere
1883 2860 2237 2955 glorificare
2257 2866 2439 2954 Juxta
2484 2863 2682 2934 finem

657 2965 978 3054 hominiS,
1022 2967 1241 3060 DeuS,
1291 2971 1405 3060 qui
1435 2970 1566 3039 fine
1594 2993 1710 3039 suo
1738 2970 2027 3040 frustrari
2057 2971 2318 3062 nequit,
2353 2993 2433 3041 ex
2466 2974 2672 3055 malo,

659 3075 833 3168 quod
869 3098 1004 3145 non
1034 3077 1216 3155 vult,
1267 3078 1382 3145 scit
1426 3099 1650 3146 eruere
1683 3077 1948 3147 bonum
1983 3079 2449 3148 manifestando
2492 3083 2685 3172 justi·-

594 3249 597 3256 ι
660 3184 819 3251 tiam
868 3206 1053 3252 suam
1099 3204 1217 3274 per
1265 3204 1529 3275 poenam
1577 3186 1964 3277 peccatoriS,
2019 3184 2109 3256 ita
2174 3192 2249 3257 ut
2297 3188 2522 3260 homo
2562 3212 2684 3260 ne·-

660 3290 874 3380 gando
919 3292 1233 3382 gloriam,
1283 3314 1482 3383 quam
1509 3291 1646 3361 Deo
1676 3293 1899 3374 debet,
1940 3292 2198 3385 quando
2232 3314 2300 3364 se
2333 3303 2552 3370 utens
2582 3319 2684 3368 ra-

660 3399 895 3469 tionale
915 3422 1050 3468 non
1094 3399 1402 3500 ostendit,
1440 3401 1666 3471 saltem
1691 3401 1829 3471 aliis
1852 3402 2255 3473 manifestare
2283 3403 2511 3475 debeat
2570 3404 2697 3477 Dei

661 3507 997 3586 attributa,
1026 3512 1135 3575 et
1148 3530 1302 3577 cum
1346 3510 1623 3578 noluerit
1652 3510 1889 3591 libere,
1931 3514 2072 3602 jam
2114 3517 2379 3604 cogatur
2412 3515 2680 3607 gloriam

663 3609 800 3683 Deo
844 3614 1108 3704 reddere
1145 3621 1209 3685 et
1245 3616 1335 3685 sic
1362 3616 1446 3685 ad
1482 3595 1683 3688 finem
1716 3618 1972 3689 mundi
1983 3620 2354 3711 generalem
2396 3639 2678 3696 concur-

663 3743 833 3793 rere.

600 3869 601 3872 '
668 3953 669 3958 ,
754 3870 924 3947 OBJ.
952 3875 1020 3944 2⁰
1043 3875 1281 3948 Saltem
1309 3879 1704 3972 providentia
1735 3865 1895 3954 tollit
1918 3883 2274 3962 libertatem
2304 3885 2670 3956 hominum.
