2988 4832
1186 544 1314 619 245

298 662 391 741 on
388 611 801 765 adimpleat}
813 661 981 767 etgo
995 671 1315 744 beatitudo
1339 671 1595 745 alterius
1624 672 1796 755 vitaei
1835 675 2152 767 quantum
2178 685 2260 747 ex

256 775 392 849 Deo
415 783 555 860 ‚erit
583 787 823 854 aeterna
852 782 976 876 (1).

339 914 410 983 2⁰
430 917 544 983 Ex
568 924 803 984 natura
830 917 1083 986 animoei
1130 916 1227 989 Ex
1258 917 1490 988 natura
1532 918 1738 1011 operis
1775 917 1924 988 licet
1945 904 2261 1009 ‘colligere

253 1025 452 1094 finem
481 1026 796 1116 operantis
821 1026 1167 1119 sapientis.
1188 1026 1339 1110 Sic,
1374 1049 1528 1098 cum
1548 1028 1884 1099 hominem
1906 1026 2089 1097 video
2107 1046 2260 1116 rap-

251 1132 369 1200 tim
414 1130 535 1202 sihi
585 1153 795 1202 casam
840 1140 1350 1206 construentem
1333 1158 1431 1225 ex
1478 1139 1675 1205 ramis
1718 1135 2065 1214 arborum,
2113 1136 2267 1231 jure

252 1240 560 1331 conjicio,
590 1262 744 1314 eum
779 1261 911 1313 non
940 1241 1050 1310 diu
1079 1264 1157 1311 eo
1182 1243 1324 1312 loco
1349 1265 1482 1312 esse
1510 1263 1936 1323 mansurum3
1970 1247 2191 1311 contra
2209 1241 2263 1309 si

249 1347 530 1417 eundem
559 1347 809 1419 videam
830 1348 1167 1419 aedificium
1195 1351 1467 1419 solidum
1496 1373 1574 1419 ex
1595 1345 1916 1442 lapidibus
1945 1336 2264 1440 quadratis

248 1475 489 1546 magno
532 1455 748 1526 labore
792 1462 1216 1525 exstruentem
1241 1509 1257 1535 ‚
1308 1481 1443 1526 non
1487 1458 1725 1539 minori
1764 1459 1911 1547 jure
1942 1456 2208 1545 conjicio
2237 1504 2256 1532 ‚

251 1585 409 1630 eum
440 1567 504 1631 et
538 1562 657 1632 sihi
691 1569 756 1632 et
779 1565 1038 1655 posteris
1066 1566 1194 1634 suis
1222 1565 1421 1632 fixum
1456 1564 1852 1634 domicilium
1880 1584 2257 1655 praeparare.

249 1668 439 1740 Unde
453 1671 541 1739 sic
563 1695 581 1739 ι
602 1662 845 1742 Anima
856 1694 933 1741 ex
952 1673 1180 1741 natura
1197 1673 1310 1740 suit
1329 1671 1726 1749 immortalis,
1751 1672 1945 1740 etiarn
1964 1670 2262 1740 dissoluto

248 1796 515 1869 corpore
538 1778 794 1849 existere
810 1788 836 1857 ,⁴
865 1779 1076 1848 vivere
1099 1829 1118 1859 ,
1162 1779 1508 1873 finemque,
1544 1779 1627 1848 ad
1657 1802 1855 1873 quem
1885 1785 2093 1849 creata
2121 1784 2257 1873 est.

308 1991 382 2059 (1)
415 1993 777 2057 Argumentum
806 1994 902 2045 hoc
932 2007 995 2045 ex
1014 1993 1254 2054 desiderio
1287 1996 1529 2047 felicitatis
1546 1994 1773 2059 perfectae
1798 1994 1921 2045 adeo
1942 1995 2148 2049 firmum
2169 1996 2265 2057 est,
2294 1941 2314 1988 k
2386 1991 2390 1996 '

249 2067 304 2114 ut
328 2064 429 2128 ipsi
446 2065 587 2128 impii
608 2067 829 2129 perfectae
850 2067 1065 2117 felicitati
1090 2067 1290 2118 alterius
1308 2069 1437 2133 vitae,
1458 2080 1611 2130 quam
1633 2078 1698 2117 ex
1725 2065 1904 2119 animis
1923 2067 2164 2115 sublatam
2182 2078 2268 2114 vo-

250 2137 456 2201 lebant,
492 2139 785 2190 subsfituere
822 2141 1088 2203 sategerint
1126 2141 1421 2203 figmentum
1464 2138 1736 2188 indefinitas
1780 2136 1987 2197 alicujus
2027 2137 2268 2188 felicitatis

251 2211 401 2259 totins
421 2210 615 2273 generis
650 2211 871 2260 humani·
880 2224 970 2274 per
989 2212 1221 2261 continuo
1251 2210 1607 2273 progressivam
1627 2207 1964 2259 evolutionem
1984 2208 2106 2257 olim
2130 2220 2266 2257 asse·

252 2278 485 2341 quendae.
528 2279 656 2330 Vide
696 2279 968 2330 Condorcet
989 2293 1004 2331 ι
1027 2282 1260 2347 Esquisse
1296 2282 1442 2331 d’une
1461 2279 1598 2344 fable
1638 2279 1817 2328 histor.
1844 2278 1933 2327 des
1952 2277 2162 2342 proqres
2190 2277 2261 2328 de

251 2349 447 2414 l’esprit
465 2350 683 2402 hnmain.
709 2351 798 2400 Ast
833 2354 1179 2414 praeterquam,
1201 2352 1333 2413 quod
1355 2352 1408 2401 in
1429 2353 1523 2401 hac
1542 2348 1802 2413 hypothesi
1833 2349 2133 2399 desiderium
2155 2348 2266 2398 feli-

252 2421 410 2472 citatis
430 2423 603 2472 inutile
623 2422 789 2472 fuisset
808 2435 898 2483 pro
918 2423 1313 2485 generationibus
1329 2423 1604 2485 praeteritis,
1624 2420 1925 2473 desiderium
1942 2423 2170 2470 nostrum
2192 2419 2265 2469 fe·

252 2492 448 2544 licitatis
467 2507 567 2543 non
587 2493 744 2542 tendit
767 2493 820 2541 in
839 2492 1118 2545 felicitatem
1136 2494 1354 2556 aliquam
1374 2494 1427 2543 in
1450 2492 1720 2556 communi,
1739 2492 1824 2542 sed
1843 2505 1932 2554 pro
1956 2492 2162 2556 singulis
2187 2490 2265 2540 in-

247 2563 564 2614 dividualiter
581 2564 932 2626 obtinendam;
967 2564 1018 2614 id
1053 2565 1186 2627 quod
1204 2577 1267 2617 ex
1300 2565 1475 2616 intimo
1500 2564 1654 2615 animi
1688 2563 1844 2614 nostri
1886 2577 2033 2613 sensu
2063 2565 2268 2613 erutum

248 2634 451 2699 egi-egle
470 2635 671 2697 exponit
697 2634 762 2686 D.
787 2635 998 2685 Thomas
1018 2636 1180 2702 (Cant.
1201 2640 1334 2703 qent.
1356 2637 1477 2699 Cap.
1502 2640 1581 2687 ⁵5.
1613 2645 1675 2686 11⁰
1696 2636 1778 2701 12)
1803 2647 1822 2687 t
1845 2635 2154 2700 Impossibile
2172 2639 2266 2697 est,

246 2704 504 2767 inquienS,
541 2708 734 2755 naturoe
764 2706 1069 2757 desiderium
1104 2722 1209 2759 esse
1232 2709 1377 2759 inane
1397 2723 1416 2758 :
1450 2711 1633 2758 natura
1656 2707 1790 2758 enim
1821 2706 1952 2757 nihil
1978 2707 2103 2771 facit
2123 2707 2266 2771 frus·

246 2780 355 2838 tra,
388 2774 483 2826 sed
498 2788 767 2844 Quonnmm·
786 2777 1063 2843 intelligens
1078 2780 1378 2829 naturaliter
1394 2777 1650 2829 desiderat
1669 2791 1783 2829 3333
1803 2790 2088 2828 rznrnwmt
2111 2814 2127 2841 ,
2172 2791 2270 2827 non

244 2846 416 2897 solum
433 2880 455 2909 ‚
483 2848 539 2896 ut
574 2849 887 2913 perpetuetur
928 2862 1045 2899 3333
1087 2861 1349 2900 stomun
1402 2861 1606 2899 sracmu
1620 2881 1641 2908 ,
1671 2846 1777 2905 {sed
1817 2848 1969 2897 etiam
2008 2859 2269 2899 succuum:

244 2931 569 2971 nmrvtnumt.
605 2918 755 2969 Addit
788 2921 903 2970 dein
944 2920 1219 2979 rationem,
1258 2932 1349 2968 cur
1370 2932 1458 2967 ens
1492 2917 1772 2981 intelligens
1809 2918 1873 2966 ad
1910 2920 2149 2967 aeternam
2190 2917 2269 2966 vi·

246 2995 360 3039 tam
399 2992 615 3054 aspiret,
647 2995 1081 3041 contentum'vero
1116 2990 1180 3038 sit
1218 2991 1422 3039 brutum
1456 2988 1560 3037 vita
1591 2986 1838 3049 praesenti,
1862 2986 2030 3037 dicens
2070 3001 2086 3036 ι
2131 2988 2270 3038 Hane

246 3062 588 3127 differentiam
627 3064 816 3127 oportet
851 3062 905 3110 in
944 3060 1022 3109 his
1066 3060 1278 3109 inveniri
1292 3091 1316 3124 9
1357 3058 1534 3126 quibus
1573 3057 1878 3109 desiderium
1915 3057 2112 3107 essendi
2156 3071 2271 3107 cum

246 3134 525 3198 cognitione
556 3133 710 3195 inest,
738 3135 796 3184 ut
832 3131 1015 3182 seilicet
1043 3131 1169 3193 illa,
1205 3145 1315 3195 quoe
1341 3144 1443 3180 non
1466 3129 1756 3194 cognoscunt
1787 3140 1901 3180 3333
1918 3128 2021 3177 nisi
2037 3130 2094 3177 ut
2122 3142 2265 3193 nunc,

244 3202 535 3254 desiderent
556 3216 674 3255 3333
710 3207 767 3254 ut
802 3217 967 3265 nune,
1002 3215 1099 3253 non
1144 3204 1308 3252 autern
1346 3216 1540 3267 semper
1569 3215 1589 3251 :
1630 3201 1749 3268 quia
1768 3214 1888 3253 3333
1926 3214 2270 3251 smirnam

244 3292 354 3328 non
387 3277 814 3343 apprehendunt..;
814 3309 913 3328 .....
952 3275 1049 3325 Illa
1086 3287 1288 3338 autem,
1327 3289 1437 3340 quoe
1479 3274 1644 3339 ipsum
1685 3286 1803 3325 3333
1842 3287 2126 3326 purarum
2154 3288 2269 3337 eoq-

245 3351 458 3399 noseunt
486 3351 536 3398 et
572 3347 936 3413 apprehendunt
962 3383 980 3411 ‚
1033 3345 1318 3395 desiderant
1362 3346 1528 3409 ipsum
1571 3346 1794 3398 naturali
1831 3346 2082 3396 desiderio
2124 3359 2144 3395 .·
2182 3344 2271 3395 hoe

243 3423 418 3471 autem
453 3420 672 3471 convenit
713 3417 936 3469 omnibus
973 3416 1260 3467 substantiis
1315 3416 1761 3469 intellectualibus:
1782 3432 1948 3469 omnes
1968 3420 2127 3484 iqitur
2158 3417 2271 3468 sub-

245 3493 453 3543 stantia·
481 3490 826 3542 intellectuales
867 3487 1089 3540 naturali
1117 3487 1365 3538 desiderio
1401 3490 1631 3552 appetunt
1656 3502 1763 3539 3333
1780 3502 2103 3554 Ρ33ι>3ιυυιις
2147 3504 2271 3554 erqo

246 3562 562 3630 impossibile
576 3566 664 3628 est,
688 3561 820 3626 quod
847 3573 955 3611 3333
973 3558 1220 3624 deficiant.
1243 3559 1381 3609 Unde
1401 3563 1532 3610 recte
1559 3563 1609 3609 et
1628 3559 1681 3613 S.
1713 3561 1914 3612 Thomae
1947 3561 2271 3611 conformiter
2341 3562 2347 3567 “

244 3635 316 3686 A.
352 3633 423 3685 M.
453 3634 508 3683 in
533 3646 622 3683 suo
658 3644 847 3696 opere·
870 3630 942 3680 De
961 3630 1013 3681 la
1042 3629 1398 3697 perfectibilite‘
1425 3630 2270 3696 humainezLyon,1835.Liv1-e1.

249 3705 417 3767 Chap.
442 3706 491 3771 lr,
506 3717 620 3765 pag.
642 3704 721 3763 20,
738 3701 1092 3752 beatitudinem
1113 3702 1304 3752 entium
1324 3700 1530 3750 statuit
1518 3715 1571 3750 ιιι
1593 3703 1866 3764 aequilibrio
1888 3704 2170 3754 facultatum
2191 3717 2273 3753 eo-

247 3788 374 3826 rum
392 3773 597 3825 dicens.
623 3772 687 3824 Le
713 3770 926 3823 honneur
946 3786 980 3822 n
983 3771 1185 3826 ’e'tantm
1194 3785 1326 3837 ‚que
1343 3770 1391 3821 le
1402 3785 1501 3837 ραι
1501 3772 1602 3837 fait
1619 3773 1859 3839 equilibre
1874 3778 2008 3824 entre
2021 3777 2174 3825 tontes
2197 3774 2271 3824 les

250 3846 467 3911 faculteffs
491 3844 546 3896 d'
546 3860 612 3897 un
640 3846 779 3913 etre,
799 3850 935 3897 entre
951 3861 1029 3897 ses
1049 3848 1334 3898 sentiments
1348 3851 1397 3897 et
1418 3861 1498 3898 ses
1518 3847 1672 3908 ἰάέεε,
1712 3845 1757 3896 le
1786 3846 2007 3897 nzallzeur
2028 3861 2062 3898 n
2066 3847 2151 3897 'est
2174 3862 2269 3912 qne

254 3915 569 3981 Popposition
598 3931 663 3983 qu
666 3917 727 3968 'il
749 3917 946 3970 observe
969 3920 1105 3968 entre
1122 3932 1210 3968 son
1229 3920 1328 3968 etat
1347 3918 1509 3970 actuel
1524 3921 1570 3968 et
1600 3917 1744 3968 l'ide'e
1762 3918 1817 3967 d’
1816 3932 1882 3967 un
1901 3920 1999 3967 etat
2022 3918 2269 3972 meilleur,
2325 3960 2330 3966 ,

257 3988 393 4041 C’est
405 4002 552 4054 pares
569 4003 662 4056 que
679 3988 909 4041 t'animat
921 3989 1049 4040 n'est
1062 4003 1159 4053 pas
1178 3988 1380 4053 capable
1397 3990 1461 4044 de
1478 3992 1598 4045 cette
1616 3989 1970 4058 comparaison,
2014 3990 2140 4057 qu’il
2152 3991 2271 4056 peut

263 4061 472 4126 souffl’ir
490 4073 607 4114 sans
624 4059 930 4125 ltreJamaie
945 4058 1287 4113 maiheureux.
