2988 4832
1238 453 1316 520 61

286 582 463 651 enim
509 598 784 652 numero
822 579 1090 655 infinitae
1130 576 1268 654 non
1309 585 1586 677 possunt
1614 577 1863 651 efficere
1903 596 2157 653 menses
2199 581 2304 653 vel

284 710 492 760 annos
521 711 794 760 numero
821 688 1033 761 finitos
1067 718 1083 760 ε
1116 713 1271 784 ergo
1310 697 1375 762 et
1413 690 1566 785 ipsae
1590 710 1917 759 annorum
1942 690 2304 760 mensium-

283 821 410 889 que
445 798 871 868 successiones
903 805 1111 869 essent
1135 823 1410 871 numero
1438 796 1726 879 infinitae,
1758 797 1954 867 simul
1973 819 2050 867 ac
2078 820 2306 870 numo-

283 927 395 976 rus
430 904 683 975 dicrum
710 904 969 998 daretur
1000 906 1306 978 infinitus.
1344 907 1521 999 Ergo
1547 908 1734 974 nulloe
1758 928 1836 975 ex
1865 904 1995 973 istis
2027 905 2307 975 seriebus

283 1017 548 1106 possunt
576 1033 710 1083 esse
732 1010 1020 1083 infinitae.
1034 1024 1040 1031 ’
1054 1013 1225 1106 Ergo
1254 1018 1573 1105 repugnat
1607 1034 1917 1081 numerus
1948 1011 2304 1082 successio-

270 1144 453 1197 num
481 1123 621 1191 sine
644 1121 824 1193 initio
849 1151 867 1205 ς
903 1145 1059 1214 ergo
1081 1116 1399 1214 repug'nat
1422 1122 1654 1192 creatio
1672 1121 1755 1190 ab
1776 1124 2043 1195 aeterno.

369 1248 431 1334 b)
475 1248 557 1319 In
582 1250 777 1319 rebus
806 1251 1172 1319 successivis
1195 1251 1391 1319 unius
1418 1250 1752 1343 praesentia
1775 1248 1925 1317 dicit
1956 1249 2303 1319 absentiam

276 1356 580 1437 alterius3
621 1356 714 1427 sic
753 1358 1087 1450 praesentia
1124 1357 1248 1427 diei
1287 1358 1438 1427 dicit
1474 1356 1827 1427 absentiam
1869 1356 2110 1439 noctis;
2149 1380 2304 1450 ergo

283 1464 416 1535 dies
439 1471 505 1535 et
529 1487 661 1534 nox
691 1465 796 1536 vel
837 1486 1177 1557 nunquam
1211 1470 1561 1558 potuerunt
1592 1465 1874 1541 existere,
1913 1461 2112 1533 velut
2133 1465 2305 1533 exis—

281 1580 414 1644 tere
460 1578 741 1665 possent,
793 1573 1174 1644 alterutrum
1219 1578 1368 1642 ante
1417 1571 1694 1641 alterum
1740 1570 1959 1639 debuit
2004 1571 2260 1642 existere
2280 1625 2296 1650 ,

280 1682 368 1749 ita
408 1686 481 1749 ut
522 1681 876 1750 necessario
909 1679 1253 1771 aliquando
1293 1680 1484 1752 fuerit
1522 1679 1674 1759 dies,
1710 1701 1904 1768 quem
1938 1678 2120 1747 nulla
2147 1701 2296 1756 nox,

279 1789 387 1859 vel
413 1811 563 1865 nox,
601 1810 799 1879 quam
828 1788 1050 1865 nullus
1077 1788 1210 1858 dies
1239 1788 1627 1880 praecesserit
1655 1812 1671 1855 ε
1700 1787 1875 1876 atqui
1896 1786 2021 1871 hoc
2047 1785 2304 1855 eviden-

276 1892 379 1965 ter
437 1893 708 1963 includit
747 1894 1004 1963 initium
1045 1900 1109 1965 et
1145 1918 1474 1965 excessum
1512 1895 1874 1964 alterutrius
1913 1917 2104 1986 super
2143 1895 2303 1967 alte-

279 2025 468 2084 rum;
505 2023 661 2092 ergo
700 2001 1042 2072 intrinsece
1079 2008 1397 2094 repugnat
1429 2003 1619 2074 series
1653 2003 2126 2073 successionum
2164 2001 2305 2074 sine

273 2111 458 2211 initio
485 2109 771 2201 adeoque
799 2109 1032 2180 creatio
1055 2114 1292 2180 aeterna
1314 2108 1432 2201 (1).

276 2292 283 2299 .
364 2237 416 2328 c)
464 2237 535 2307 Si
573 2239 680 2307 vel
721 2260 934 2308 unum
965 2259 1083 2306 ens
1110 2237 1317 2329 potuit
1347 2236 1432 2306 ab
1469 2243 1709 2307 aeterno
1750 2238 1974 2317 creari,
2021 2261 2158 2309 non
2187 2261 2303 2308 re·-

278 2351 547 2439 pugnat‚
585 2352 658 2414 ut
686 2346 881 2414 etiam
909 2345 1143 2413 animae
1170 2344 1475 2412 humanae
1503 2344 1708 2412 creari
1735 2345 2099 2436 potuerint:
2127 2347 2302 2437 atqui

280 2453 512 2524 animae
542 2453 848 2523 humanae
880 2474 959 2522 ex
997 2451 1166 2521 infra
1192 2449 1476 2521 dicendis
1509 2451 1594 2542 (2)
1637 2457 1788 2520 sunt
1816 2453 2208 2523 immortales
2236 2460 2300 2521 et
2408 2443 2413 2457 '

277 2565 585 2650 perpetuo
618 2559 971 2641 duraturae3
1013 2580 1167 2650 ergo
1200 2560 1257 2628 si
1288 2558 1575 2628 mundus
1610 2559 1694 2629 ab
1726 2565 1968 2630 aeterno
2004 2562 2303 2653 potuisset
2339 2573 2342 2576 ’

284 2667 514 2741 creari,
549 2672 757 2758 posset
788 2667 981 2734 etiam
1022 2688 1201 2733 nunc
1237 2672 1388 2734 actu
1425 2665 1564 2735 dari
1593 2666 1905 2736 numerus
1935 2670 2303 2742 animarum

282 2775 588 2852 infinitus,
617 2775 673 2843 si
702 2796 768 2842 v,
795 2797 864 2864 g.
898 2773 1073 2864 quod
1099 2772 1393 2862 possibile
1415 2778 1534 2851 est,
1569 2795 1723 2841 cum
1748 2774 2013 2864 singulis
2039 2797 2301 2846 sueces-

284 2880 562 2948 sionibus
598 2881 870 2970 singulae
892 2879 1127 2949 animae
1154 2885 1382 2948 creatas
1409 2878 1672 2947 fuissent
1697 2905 1716 2948 ι
1745 2880 1857 2949 sed
1886 2903 2159 2953 numero
2185 2883 2299 2954 in-

282 2988 459 3056 finito
483 2987 650 3056 nihil
670 2986 818 3055 addi
837 2992 1042 3079 potest
1070 3014 1086 3066 ;
1128 3008 1282 3076 ergo
1323 2986 1523 3055 nullae
1550 2986 1823 3078 amplius
1843 2989 2075 3057 animae
2098 2991 2300 3062 creari

284 3101 557 3187 possent,
601 3096 669 3165 id
709 3096 882 3187 quod
919 3098 1148 3187 praeter
1185 3094 1599 3166 intrinsecam
1638 3094 2133 3189 repugnantiam
2167 3116 2298 3166 nu·
2327 3161 2330 3164 Α

349 3339 416 3404 (1)
437 3341 544 3393 Hoc
564 3343 858 3408 argumento
894 3340 1122 3408 lepidiori
1153 3339 1302 3392 modo
1325 3340 1570 3403 proposito
1602 3341 1664 3391 ad
1685 3341 1936 3395 silentium
1966 3344 2189 3396 redactus
2224 3348 2299 3394 est

287 3415 566 3466 incredulus
592 3418 827 3480 quidam,
852 3418 966 3482 qui,
991 3416 1066 3467 uti
1100 3417 1200 3466 fere
1241 3413 1611 3464 hallucinantur
1649 3415 1920 3478 increduli,
1955 3416 2211 3480 ingenium
2242 3433 2295 3467 sc

285 3498 390 3535 non
422 3489 625 3550 vulgare
646 3489 853 3551 prodere
880 3488 1197 3551 autumabat,
1224 3484 1268 3534 si
1304 3484 1503 3545 omnia,
1527 3499 1637 3547 quae
1675 3487 1792 3535 fidoi
1820 3490 1967 3549 sunt,
1991 3491 2221 3550 negaret,
2246 3493 2298 3537 et

286 3560 543 3617 propterea
569 3560 868 3612 creationem
890 3558 1242 3622 impossibilem
1260 3558 1311 3606 et
1328 3556 1576 3605 mundum
1592 3557 1729 3606 hunc
1748 3561 1989 3607 cctcrnum
2009 3569 2110 3607 osse
2132 3558 2294 3608 decla·

286 3624 445 3676 rabat.
469 3627 799 3692 Interrogatus
829 3629 998 3681 onim:
1022 3630 1141 3692 quid
1164 3639 1284 3689 ergo
1307 3627 1444 3688 prius
1479 3627 1750 3689 exstiterit,
1785 3629 1961 3689 ovum,
1985 3641 2050 3678 an
2072 3627 2291 3691 gallina?

288 3698 580 3755 respondere
611 3700 970 3751 rationabiliter
988 3699 1116 3751 nihil
1147 3698 1336 3763 potuit,
1360 3711 1474 3748 cum
1505 3698 1562 3749 in
1591 3699 1973 3754 successionibus
1995 3712 2088 3754 nec
2106 3700 2293 3765 gallina

284 3766 527 3818 habeatur
549 3770 652 3821 sine
673 3786 763 3821 ovo
780 3809 794 3827 ,
818 3787 907 3822 nec
932 3786 1044 3821 vcro
1067 3770 1214 3820 ctiam
1239 3785 1386 3822 crum
1416 3771 1521 3821 sinc
1543 3770 1743 3837 gallina.

354 3836 422 3903 (2)
453 3840 623 3905 Psych.
652 3844 763 3895 Rat.
786 3845 914 3897 sect.
939 3847 986 3897 1.
1014 3844 1136 3911 Cap.
1161 3849 1208 3897 3.

471 3946 508 3995 n
1480 3941 1484 3946 ·
2006 3932 2046 3996 (3
