2988 4832
668 616 1004 712 excogitari
1053 610 1278 714 nequit
1312 646 1328 690 ε
1361 622 1536 716 utqui
1582 513 1864 693 &323¹OE
1912 623 2253 715 peccatum
2289 620 2618 721 impediret
2645 642 2672 707 .·

666 729 895 800 melius
920 735 1078 800 esset
1104 758 1122 812 3
1160 753 1433 823 ergom.

750 885 831 958 R.
880 893 966 958 D.
996 893 1161 982 Maj.
1200 891 1335 962 Ens
1367 918 1622 968 summe
1655 898 1906 967 bonurn
1931 905 2023 967 est
2059 897 2217 967 illud
2244 950 2260 976 ,
2298 920 2426 988 quo
2459 894 2677 965 melius

663 998 1002 1088 excogitari
1024 999 1245 1091 nequit
1272 1003 1343 1068 in
1374 1026 1433 1069 se
1468 1028 1543 1071 ae
1582 1004 1843 1072 bonitate
1878 1007 2158 1073 absoluta
2189 1018 2245 1071 et
2286 1006 2619 1072 intrinseca
2655 1057 2670 1077 .

669 1106 740 1173 C.
778 1106 945 1192 Μαί.
978 1108 1265 1176 Bonitate
1289 1113 1553 1179 relativa
1581 1125 1848 1204 respectu
1872 1125 2301 1182 creaturarum
2324 1164 2341 1190 ,
2362 1114 2472 1206 ,N·
2508 1114 2675 1201 Μαί.

664 1223 725 1278 et
748 1210 835 1279 D.
864 1233 1012 1299 par.
1042 1216 1209 1283 Min.
1233 1218 1324 1286 Ν.
1354 1220 1533 1288 cons.
1578 1217 1795 1311 ltaque
1827 1220 2108 1290 bonitate
2134 1219 2481 1290 intrinseca
2510 1218 2684 1288 Deus

663 1322 922 1411 quidem
940 1331 1031 1395 est
1054 1348 1188 1405 ens,
1211 1348 1338 1416 quo
1362 1327 1592 1396 melius
1620 1328 1960 1420 excogitari
1988 1325 2241 1419 nequit:
2267 1332 2362 1396 ast
2392 1328 2476 1395 ad
2510 1310 2707 1396 extra'

665 1436 801 1501 tum
825 1434 1067 1503 ratione
1095 1435 1387 1505 bonitatis
1406 1457 1561 1513 suae,
1611 1441 1829 1528 utpote
1856 1435 2169 1506 intensive
2186 1436 2457 1506 infinitae
2483 1486 2502 1515 ‚
2539 1442 2688 1506 tum

661 1543 903 1613 ratione
929 1551 1235 1614 ereaturae
1252 1593 1273 1624 ,
1313 1548 1531 1635 utpote
1550 1544 1748 1613 finitae
1768 1596 1786 1623 ‚
1820 1566 2160 1635 nunquam
2193 1544 2281 1614 ita
2305 1543 2515 1614 bonus
2549 1551 2690 1615 esse

661 1655 863 1739 potest
886 1704 903 1732 ,
939 1658 1012 1721 ut
1040 1654 1244 1745 magis
1269 1675 1404 1721 non
1435 1653 1666 1743 possit,
1702 1652 1775 1720 u't
1793 1652 1951 1721 adeo
1979 1654 2040 1721 ei
2074 1673 2209 1723 non
2236 1652 2527 1744 supersit,
2560 1650 2690 1721 nisi

660 1759 1029 1847 possibilitas
1068 1762 1227 1829 varii
1265 1761 1502 1852 gradus
1527 1813 1543 1839 ‚
1579 1784 1708 1852 quo
1732 1752 1888 1830 velit
1923 1784 2113 1830 suam
2142 1760 2494 1830 bonitatem
2521 1781 2683 1828 ma·-

660 1866 994 1948 nifestare;
1037 1868 1199 1937 liber
1225 1875 1442 1937 autem
1487 1874 1619 1948 est,
1651 1871 1816 1938 utin
1862 1871 2176 1940 creatione
2200 1922 2216 1948 ,
2252 1870 2338 1937 ita
2359 1870 2430 1937 in
2462 1873 2681 1963 gradu

661 1976 888 2067 maj0ri
943 1977 1047 2045 vel
1095 1979 1332 2048 minori
1368 1977 1888 2049 manifestationis
1930 1999 2107 2059 suae3
2150 1979 2690 2077 adeoque-„omne

664 2089 997 2176 peccatum
1029 2106 1163 2156 non
1190 2091 1444 2156 tenetur
1463 2085 1773 2175 impedire
1804 2129 1813 2132 ,
2266 2081 2281 2088 ’
2367 2078 2405 2091 ”

741 2245 904 2315 Inst.
949 2246 1015 2314 1⁰
1047 2243 1284 2316 Saltem
1313 2244 1565 2315 bonitas
1587 2242 1708 2312 Dei
1744 2248 1912 2311 vetat
1938 2295 1954 2322 ,
1991 2266 2074 2313 ne
2101 2245 2423 2337 permittat
2471 2245 2685 2316 melos

658 2373 786 2422 esse
810 2404 826 2433 ,
860 2374 1022 2445 ques
1042 2354 1279 2445 justitia
1301 2353 1532 2446 punire
1561 2351 1789 2423 debeat
1816 2380 1833 2433 3
1863 2374 2018 2448 ergo
2047 2353 2409 2426 libertatem
2433 2375 2684 2426 conce-

657 2460 802 2529 dere
825 2483 962 2531 non
992 2461 1337 2534 debuisset.

740 2617 820 2687 R.
852 2620 940 2688 D.
976 2620 1144 2707 Maj,
1192 2619 1381 2691 Vetat
1407 2673 1423 2699 ,
1466 2643 1550 2693 ne
1568 2623 1696 2694 hoc
1719 2616 2204 2710 fine‘permittat
2242 2646 2448 2699 malos
2493 2651 2628 2701 esse
2657 2681 2676 2710 .

653 2731 724 2792 ut
746 2726 911 2819 ipsos
935 2716 1200 2817 puniat,
1253 2729 1325 2797 C.
1366 2729 1521 2799 Ant.
1570 2729 1766 2803 Secus
1783 2735 1870 2806 N.
1905 2735 2058 2804 Ant.
2093 2733 2292 2826 Atqui
2319 2735 2493 2810 Deus
2534 2759 2678 2811 nou

653 2832 778 2903 hoe
820 2833 950 2901 fine
1000 2835 1305 2926 permittit
1349 2837 1554 2908 malos
1615 2862 1748 2911 esse
1770 2892 1793 2921 ‚
1839 2849 1912 2911 ut
1957 2865 2066 2915 eos
2120 2843 2346 2934 puniat
2371 2895 2391 2924 ,
2449 2843 2560 2913 sed
2604 2850 2678 2915 ut

650 2938 900 3009 homini
929 2942 1137 3031 majus
1163 2941 1412 3012 bonum
1432 2995 1449 3021 ‚
1499 2945 1646 3014 lieet
1690 2947 1810 3016 sub
1840 2950 2198 3019 conditione
2241 2952 2475 3045 aliqud,
2513 2974 2677 3023 con-

651 3048 851 3118 cedat.
895 3047 1066 3119 Nam
1089 3055 1256 3118 certe
1279 3050 1540 3121 beatitas
1577 3055 1698 3123 sub
1729 3050 2089 3127 conditione
2117 3057 2275 3127 boni
2297 3060 2453 3129 usus
2474 3058 2670 3127 liber-

650 3157 789 3226 tatis
831 3156 1278 3248 consequenda
1304 3210 1321 3236 ,
1357 3165 1574 3253 utpote
1611 3165 1795 3253 eujus
1820 3187 2152 3234 concausae
2185 3188 2302 3234 nos
2334 3167 2564 3244 simus,
2602 3168 2672 3235 in

647 3288 714 3339 se
750 3267 959 3358 majus
985 3267 1235 3339 bonum
1271 3274 1365 3341 est
1387 3317 1410 3348 .
1453 3292 1652 3360 quem
1698 3271 1957 3342 beatitas
1980 3324 2000 3352 ,
2047 3297 2246 3364 quam
2272 3297 2314 3344 a
2353 3274 2490 3346 Deo
2533 3277 2673 3348 siue

649 3374 867 3445 nostra
906 3374 1348 3466 cooperatione
1388 3398 1954 3469 consequeremur.
2005 3380 2193 3450 Unde
2217 3385 2333 3451 etsi
2354 3383 2548 3451 relate
2588 3384 2671 3452 ad

648 3505 800 3554 eum
820 3534 837 3560 ‚
867 3505 1065 3575 quem
1097 3480 1271 3553 Deus
1311 3485 1615 3574 praevidet
1647 3487 1933 3557 libertate
1967 3487 2322 3562 abusurum
2349 3541 2366 3569 ,
2399 3490 2675 3561 non—li·-

648 3589 856 3660 bertas
886 3593 1094 3682 majus
1119 3589 1371 3660 bonum
1399 3599 1602 3673 esset,
1641 3617 1776 3664 non
1811 3601 2029 3665 tamen
2060 3601 2269 3690 majus
2296 3604 2391 3668 est
2417 3598 2488 3666 in
2515 3619 2583 3669 se
2610 3604 2676 3668 et

647 3690 919 3789 spectata
944 3698 1139 3767 relate
1170 3698 1253 3768 ad
1281 3701 1484 3771 finem
1515 3724 1555 3771 a
1579 3701 1717 3773 Deo
1740 3704 2088 3779 intentum.
2124 3705 2290 3779 Dein
2319 3705 2493 3778 Deus
2514 3728 2675 3781 cum

646 3805 968 3880 muudum
1007 3808 1312 3877 creaverit
1335 3807 1416 3877 ad
1449 3812 1911 3883 manifestanda
1948 3837 2062 3883 sua
2097 3816 2395 3884 attributa
2425 3868 2442 3896 ‚
2472 3816 2671 3908 justi-

644 3908 799 3991 tiam
827 3915 1225 3993 manifestare
1259 3938 1393 3986 non
1418 3924 1665 4014 potest,
1714 3922 1841 3997 nisi
1856 3924 2037 4019 juxta
2061 3912 2365 4000 meritum
2397 3923 2674 4018 praemio
