2988 4832
1202 658 1337 729 249

272 778 468 869 posito
508 777 680 879 quod
710 783 903 857 creet,
956 800 1090 851 non
1124 780 1265 870 jam
1306 776 1501 849 habet
1535 774 1887 871 potentiam
1922 799 2076 849 cum
2106 801 2286 853 crea-

270 887 427 954 turis
453 886 691 978 aliquid
716 887 1006 966 faciendi,
1042 888 1216 980 quod
1247 888 1384 978 ejus
1413 886 1546 956 sive
1574 884 1916 967 venenati,
1947 887 2078 957 sive
2099 910 2288 959 sanc-

143 1084 151 1095 .
271 992 429 1061 titati
469 1000 592 1063 etc.
640 1002 1009 1087 repugnat:
1045 996 1220 1085 atqui
1262 992 1601 1064 destructio
1645 994 1899 1072 animai,
1930 1015 2126 1084 quam
2155 996 2289 1087 ipse

266 1101 622 1171 invincibili
641 1110 962 1194 perpetuae
984 1102 1288 1171 felicitatis
1310 1100 1617 1171 desiderio
1640 1099 1950 1179 instmxit,
1976 1108 2291 1194 repugnat

266 1209 402 1297 ejus
430 1210 751 1278 veracitati
778 1216 929 1291 etc.;
961 1232 1115 1301 ergo
1123 1262 1255 1279 .....

356 1334 1076 1407 OBJ.2⁰Desider1um
1106 1337 1510 1408 beatitudinis
1541 1337 1648 1407 vel
1675 1337 1964 1407 naturale
2001 1356 2137 1404 non
2167 1342 2293 1414 est:

265 1443 379 1510 ¹vel
428 1443 511 1512 ad
552 1459 886 1514 summum
927 1445 1149 1537 exigit,
1198 1450 1272 1513 ut
1312 1446 1533 1513 anima
1574 1444 1789 1534 aliquo
1830 1448 1971 1535 post
2013 1448 2289 1513 mortem

221 1573 225 1576 ’
266 1553 561 1642 tempore
589 1558 1019 1632 conservetum
1061 1574 1197 1621 non
1230 1573 1384 1622 vero
1422 1557 1498 1619 ut
1533 1555 1847 1621 aeternum
1878 1549 2099 1632 duret;
2133 1571 2289 1642 ergo

261 1679 402 1727 non
437 1663 530 1728 est
555 1659 841 1753 legitima
869 1659 1079 1753 prima
1099 1658 1410 1753 probatio.

350 1784 445 1855 R.‘
487 1787 576 1857 N.
611 1787 765 1859 Ant.
798 1788 999 1877 quoad
1023 1800 1341 1877 utramque
1369 1797 1558 1876 part«
1586 1783 1756 1855 Nam
1799 1787 2089 1880 inprimis
2111 1792 2148 1866 ’ἶ
2175 1785 2290 1879 qui

260 1890 532 1972 dubitat,
590 1894 973 1965 desiderium
1021 1895 1183 1965 illud
1232 1893 1635 1965 beatitudinis
1686 1895 1973 1965 naturale
2021 1915 2176 1977 esse,
2230 1898 2290 1967 is

257 2022 445 2094 aeque
485 2000 565 2070 de
604 2023 823 2074 amore
859 2007 1202 2095 parentum
1240 2003 1313 2072 in
1352 2002 1538 2082 filios.
1582 2007 1803 2071 utrum
1840 2003 2144 2072 naturalis
2180 2003 2279 2084 sit,

263 2108 556 2178 dubitare
588 2108 799 2179 debet.
834 2109 1017 2181 Certe
1038 2132 1079 2180 a
1101 2110 1293 2180 caus&
1317 2108 1725 2201 quscumque
1752 2110 2120 2180 accidentali
2141 2133 2287 2202 pro-

237 2215 486 2286 >venire
514 2217 678 2285 illud
707 2239 843 2287 non
873 2218 1097 2309 potuit,
1134 2240 1286 2286 cum
1308 2218 1421 2285 toti
1440 2218 1662 2308 generi
1681 2216 1968 2285 humano
1997 2218 2075 2287 sit
2097 2241 2286 2287 com-

172 2346 175 2347 *
257 2345 489 2403 mune,
527 2324 870 2416 nullusque
903 2327 1001 2404 sit,
1037 2326 1248 2416 quiin
1274 2323 1664 2392 beatitudine
1688 2323 2040 2415 appetenda
2067 2346 2107 2394 a
2131 2326 2300 2397 reli-.

255 2437 406 2523 quis
434 2433 765 2526 discrepet,
801 2435 914 2503 etsi
948 2435 1020 2504 in
1048 2431 1409 2503 definiendo
1448 2430 1693 2523 objecto
1721 2432 2121 2503 beatitudinis
2149 2457 2282 2505 non

134 2533 136 2540 ’
257 2563 489 2610 omnes
529 2542 986 2624 consenserint.
1038 2540 1255 2632 Itaque
1294 2539 1680 2611 desiderium
1711 2541 1837 2611 hoc
1883 2540 2282 2614 beatitudinis

255 2650 615 2717 necessario
645 2648 830 2717 nobis
857 2651 1292 2740 congenitum,
1339 2655 1403 2717 et
1428 2648 1586 2718 hinc
1616 2670 1655 2717 a
1682 2646 1819 2718 Deo
1850 2655 2094 2720 naturae
2117 2673 2285 2722 auc-
2403 2719 2416 2740 f,

254 2760 398 2824 tore
447 2755 805 2847 profectum
856 2762 949 2823 est
976 2751 1284 2847 ‘adeoque
1327 2757 1602 2825 otiosum
1645 2778 1779 2825 esse
1829 2759 2080 2850 nequit,
2129 2777 2281 2832 curn

252 2883 443 2931 secus
484 2861 659 2931 Deus
689 2884 823 2931 non
852 2863 1063 2932 solum
1093 2885 1212 2933 nos
1250 2860 1494 2931 falleret
1523 2863 1849 2942 continue,
1898 2865 2009 2934 sed
2042 2872 2103 2935 ct
2127 2891 2281 2939 cru-

252 2968 580 3037 delissime
625 2973 966 3059 torqueret,
1018 2970 1292 3061 ipsisque
1331 2968 1536 3039 brutis
1574 2969 1927 3039 miseriores
1962 2973 2273 3046 redderet.

253 3074 665 3144 Desiderium
693 3083 912 3145 autem
950 3077 1098 3155 hoc,
1150 3081 1302 3146 teste
1335 3079 1641 3168 cujusque
1684 3098 1873 3147 sensu
1901 3078 2148 3159 intimo,
2186 3089 2280 3151 est

252 3182 663 3253 beatitudinis
690 3186 983 3278 persectae
1008 3184 1291 3277 adeoque
1316 3191 1663 3277 perpetum.
1693 3183 1957 3254 sienim
1977 3196 2278 3280 perpetua

253 3313 400 3363 non
428 3294 530 3371 sit,
572 3314 697 3362 nec
725 3294 1001 3386 perfecta
1043 3314 1165 3361 nec
1193 3295 1654 3382 consequenter
1687 3283 1830 3360 talis
1864 3313 1995 3360 esse
2026 3290 2272 3384 poterit,¹

254 3423 409 3491 quae
438 3400 614 3468 satiet
652 3399 1034 3469 desiderium
1062 3399 1296 3468 animae
1332 3398 1636 3467 humanae
1663 3398 1775 3467 :id
1813 3398 1985 3490 quod
2019 3400 2121 3468 vel
2147 3401 2277 3493 ipse

254 3509 514 3579 Tullius
545 3509 629 3601 (1)
655 3511 794 3601 jam
824 3508 1082 3600 agnovit
1108 3533 1127 3577 z
1155 3509 1323 3578 Nam
1353 3509 1413 3574 si
1440 3508 1651 3574 amitti
1682 3508 1814 3574 vita
1855 3508 2024 3575 beata
2049 3521 2270 3598 potest,

251 3618 370 3694 ait,
420 3617 592 3685 beata
621 3640 739 3685 esse
773 3639 898 3684 non
933 3627 1148 3707 potest.
1202 3615 1328 3698 Qui
1366 3626 1570 3682 autem
1610 3614 1849 3703 diffidit
1882 3619 2278 3706 perpetuitati

253 3725 553 3792 bonorum
589 3746 858 3806 saer-,um
901 3726 1112 3793 timeat
1149 3746 1370 3790 necesse
1405 3735 1513 3801 est,
1558 3743 1633 3788 ne
1670 3722 2002 3810 aliquando
2034 3727 2276 3793 amissis

252 3831 393 3897 illis
421 3832 505 3899 sit
529 3833 737 3907 miser.
771 3834 897 3915 Qui
928 3855 1067 3902 veno
1105 3831 1502 3915 existimabit,
1524 3851 1732 3929 posse
1722 3851 1784 3901 se
1816 3830 2103 3903 miserum
2129 3856 2267 3912 esse,

254 3938 466 4006 beatus
486 3960 612 4007 non
631 3941 775 4008 erit.
1158 3961 1185 4000 -1
1234 3995 1259 4036 ·.

327 4144 394 4209 (1)
426 4143 499 4196 De
518 4144 658 4197 finib.
683 4144 791 4196 Li.b
815 4147 863 4197 2.
898 4145 1000 4210 Cap
1041 4150 1122 4200 27.
