2988 4832
1291 504 1416 580 401

352 636 424 700 :et
445 635 519 700 ut
530 629 1123 723 absolutumipsum
1145 630 1448 698 continuo
1468 625 1673 696 menti
1697 614 2058 693 immediate
2087 636 2362 711 praesens

364 762 427 809 se
462 740 633 810 sistat
659 762 780 810 ceu
801 761 1125 816 normam,
1155 740 1337 829 juxta
1367 756 1566 827 quam
1598 730 1979 803 sensationes
1999 750 2117 819 per
2142 745 2365 797 sensus

278 876 285 883 ’
352 847 536 916 datas
549 846 791 938 judicet
813 852 1004 937 atque
1036 846 1128 915 sic
1169 843 1533 913 divinarum
1560 835 2023 932 perfectionum
2047 834 2365 927 cognitio-

366 986 515 1035 nem
531 965 762 1034 formet
791 963 900 1055 (1).
935 962 1054 1033 Ast
1081 983 1162 1033 ex
1188 959 1413 1031 eadem
1435 957 1781 1053 creationis·
1795 952 2042 1024 theoria

357 1132 367 1167 τ
445 1102 920 1200 b)‘Absolutum
943 1110 1293 1180 necessario
1330 1115 1423 1180 est
1445 1109 1674 1178 ultima
1690 1103 1967 1174 conditio
1988 1106 2052 1170 et
2077 1097 2371 1169 'absoluta

358 1233 548 1284 causa
574 1217 786 1285 omnis
814 1218 1173 1297 existentiae,
1211 1220 1276 1284 et
1304 1217 1765 1306 consequenter
1806 1228 2031 1279 omnes
2068 1211 2371 1276 creaturae

363 1321 719 1396 necess-‘nio'
739 1331 890 1392 sunt
909 1326 1347 1395 conditionatae
1375 1329 1440 1391 et
1467 1320 1733 1393 effectus.
1769 1316 2037 1388 relativi.
2058 1316 2062 1320 ’
2086 1314 2374 1382 Essentia

361 1450 550 1526 porro
603 1432 870 1498 rationis
913 1444 998 1498 esc
1047 1431 1252 1521 (juxta
1278 1430 1504 1498 omnes
1554 1421 2013 1518 philosophos)
2060 1422 2376 1491 veritatem

362 1561 697 1626 coquoscere
715 1589 736 1618 ,
772 1560 925 1629 ergo
953 1538 1221 1607 essentia
1249 1536 1511 1606 rationis
1530 1539 1624 1602 est
1643 1537 1963 1604 creaturas
1987 1549 2375 1622 cognoscere

318 1701 324 1705 ,
362 1643 817 1713 conditionatas
859 1651 921 1712 et
955 1650 1030 1712 ut
1075 1645 1332 1713 effectus
1354 1641 1671 1711 relativos.
1722 1638 1840 1706 Ast
1876 1638 1965 1705 sic
1991 1654 2374 1727 cognoscere

357 1757 679 1820 creaturas
708 1754 965 1842 nequit,
1014 1753 1135 1820 nisi
1174 1774 1289 1841 per
1320 1754 1661 1838 conceptus
1685 1745 1975 1814 retativos
1996 1793 2017 1823 ,
2044 1742 2093 1810 i.
2146 1765 2206 1811 e.
2261 1762 2376 1834 per

360 1863 702 1952 conceptus
724 1912 742 1939 ,
787 1863 901 1951 qui
921 1861 1116 1928 simul
1144 1859 1474 1928 involvant
1503 1855 1714 1926 ideam
1742 1853 1984 1924 ultimoe
2007 1847 2379 1923 conditionis

310 1942 333 1989 '
362 1976 424 2035 et
449 1969 748 2037 absolutae
799 1990 1003 2036 causoe
1025 2017 1044 2047 ,
1098 1967 1145 2034 i.
1203 1988 1265 2034 e.
1314 1965 1527 2033 ideam
1573 1959 1843 2031 absoluti
1890 1955 2003 2028 seu
2043 1958 2251 2026 ideam
2283 1965 2376 2019 τοῦ

308 2129 311 2135 -
362 2101 479 2171 esse
504 2078 862 2168 simpliciter
890 2076 999 2167 (2).

450 2230 507 2320 c)
535 2229 854 2299 Creaturae
886 2234 1036 2297 sunt
1063 2231 1418 2300 necessario
1451 2227 1634 2296 ‘entia
1665 2228 1825 2293 talia
1852 2245 1966 2292 seu
2000 2222 2169 2290 entia
2194 2221 2383 2309 finita

361 2340 617 2429 adeoque
644 2341 927 2431 negativa
948 2340 1194 2427 infiniti
1223 2337 1309 2430 (3)
1340 2365 1358 2419 ;
1391 2358 1545 2429 ergo
1573 2332 1920 2424 conceptus
1951 2351 2179 2399 earum
2203 2380 2220 2408 ,
2261 2327 2381 2396 sub

363 2471 747 2543 quocunque
803 2456 1092 2542 respectu
1125 2448 1257 2516 sive
1288 2445 1426 2515 veri
1463 2445 1594 2514 sive
1625 2440 1923 2534 pulchri,
1954 2439 2082 2507 sive
2102 2438 2258 2527 justi
2280 2436 2386 2505 vel

363 2558 517 2631 boni
525 2566 647 2632 etcz
674 2565 1055 2651 spectentur,
1083 2553 1433 2626 necessario
1465 2552 1658 2621 etiam
1675 2554 1866 2618 erunt
1900 2552 2243 2638 conceptus
2263 2567 2384 2613 ne-

363 2670 577 2761 gativi.
637 2666 765 2737 Sed
808 2691 912 2736 om
921 2689 1034 2735 nes
1072 2667 1433 2761 <conceptus
1480 2658 1759 2749 negativi
1800 2655 2151 2736 necessario
2194 2652 2388 2724 simul

365 2780 699 2865 involvunt
727 2778 1055 2846 notionem
1075 2776 1211 2862 ejus
1230 2822 1249 2851 ,
1289 2771 1471 2857 cujus
1500 2773 1649 2836 sunt
1679 2767 1955 2857 negatiO.
1991 2763 2210 2856 Itaque
2236 2784 2389 2832 con·-

362 2895 582 2983 ceptus
613 2869 1049 2957 creaturarum
1081 2880 1433 2976 necessario
1463 2876 1802 2944 involvunt
1833 2924 1851 2952 ‚
1890 2875 1945 2941 si
1971 2870 2390 2941 consideren-
2481 2955 2482 2962 ἵ

368 3008 468 3074 tur
498 3001 619 3073 sub
646 3003 936 3089 respectu
965 2992 1235 3062 entitatis
1266 3012 1398 3061 suoe
1413 3039 1434 3068 ,
1490 2986 1700 3054 ideam
1752 2982 1913 3052 entis
1965 3001 2077 3048 seu
2120 2980 2219 3044 τοῦ
2255 2998 2392 3049 esse
2501 3021 2505 3025 -

365 3110 754 3203 simpliciter,
777 3103 896 3175 sub
912 3081 1203 3196 respectu
1213 3096 1510 3175 veritatiS,
1536 3085 2026 3187 pulchritudinis
2058 3084 2392 3157 etc.ideam

380 3299 385 3306 Ι
429 3328 498 3394 (1)
528 3327 593 3379 Et
615 3326 887 3379 universim
909 3335 1082 3373 omnes
1118 3316 1424 3383 cognitiones
1452 3310 1755 3365 universales
1771 3343 1787 3369 ‚
1828 3316 2039 3369 quarum
2056 3300 2222 3365 'origo
2266 3314 2393 3352 nun·

369 3415 519 3463 quam
541 3400 761 3450 sensibus
781 3397 894 3446 solis
927 3393 1128 3444 attribui
1153 3393 1315 3455 potest
1329 3424 1346 3452 ,
1376 3400 1496 3440 cum
1513 3399 1575 3437 eo
1613 3383 1738 3445 ipso,
1760 3378 1891 3443 quod
1925 3374 2226 3426 universales
2254 3373 2356 3425 siut
2374 3413 2394 3443 ,

368 3487 570 3526 omnem
590 3470 945 3535 experientiam
963 3464 1338 3531 transcendunt.

430 3565 500 3632 (Ξ)
529 3566 606 3619 Ex
624 3567 721 3616 hoc
748 3568 916 3614 tamen
937 3575 1041 3613 non
1071 3561 1296 3623 sequitur
1312 3596 1329 3620 ‚
1350 3572 1458 3619 nos,
1494 3555 1897 3620 quotiescumque
1930 3547 2117 3612 aliquid
2146 3543 2395 3610 cognosci..

372 3652 497 3700 mus,
513 3640 662 3690 simul
691 3638 841 3688 etiam
862 3635 1097 3687 reflexam
1112 3634 1275 3689 ideam
1296 3630 1506 3681 absoluti
1524 3629 1706 3679 habere
1725 3625 1922 3685 debere,
1956 3622 2039 3672 sed
2056 3622 2248 3669 tantum
2268 3619 2396 3669 hanc

374 3709 534 3765 ,deam
557 3709 613 3759 in
639 3711 877 3770 conceptu
896 3707 969 3755 rei
995 3710 1168 3755 creatae
1189 3707 1543 3764 cujuscumque
1562 3701 1631 3748 ita
1650 3694 1891 3758 implicite
1907 3693 2172 3754 inhaerere,
2197 3694 2255 3740 ut
2284 3703 2398 3741 con·

371 3787 541 3844 ceptus
560 3786 796 3831 creaturae
821 3779 980 3830 evolvi
1010 3779 1062 3828 et
1079 3777 1334 3828 distinctus
1353 3774 1529 3829 haberi
1547 3785 1649 3825 non
1668 3766 1833 3834 possit,
1866 3765 1989 3831 quin
2002 3778 2120 3814 mox
2141 3761 2400 3827 idealabso-

373 3852 462 3909 iuti
481 3851 537 3901 in
558 3850 644 3901 ino
665 3853 902 3913 implicita
916 3851 1189 3913 detegatur.
2383 3867 2386 3872 ·

375 3931 500 4055 pkss)
522 3931 654 4058 {lide
693 3931 916 3999 omoloq.
958 3932 1093 3987 Part.
1134 3929 1199 3985 11.
1221 3928 1350 3982 sect.
1390 3928 1442 3980 2.
1486 3924 1606 3986 cup.
1648 3926 1699 3978 2.
1738 3921 1902 3973 schol.
1943 3922 2053 3973 nost
2089 3917 2238 3980 Pron.
2277 3917 2396 3968 aum·

411 4019 491 4070 ag.
591 4008 640 4058 9.
1577 4025 1585 4036 ,
1715 4051 1717 4054 v
2381 4003 2388 4026 ἑ
