2988 4832
224 593 503 678 biliam}⁵
545 614 659 669 seu
687 596 825 691 ipsa
848 594 1227 690 possibilitas
1258 594 1628 667 extensionis
1654 593 1776 689 (1),·
1809 581 2075 689 spadium
2095 614 2244 669 vero

225 707 467 775 actuale
511 710 578 782 et,
611 705 899 799 specifice
933 711 1264 797 sumptum
1283 718 1306 786 ,’
1348 711 1444 776 est
1484 707 1749 775 actualis
1778 717 1834 773 et
1864 709 2011 775 talis
2042 719 2247 776 exten-

225 816 318 880 sio
362 813 469 882 vel
515 815 737 881 relatio
777 835 987 881 rerum
1026 826 1211 882 extra
1242 834 1302 881 se
1336 816 1711 904 positarum.
1743 811 1932 883 Unde
1969 812 2046 905 a)
2075 812 2251 884 Deus

235 943 360 991 nec
403 922 476 991 in
536 922 732 1014 spatio
780 921 1061 1015 possibili
1110 944 1232 991 nec
1273 922 1345 990 in
1392 922 1628 992 actuali
1669 922 1892 991 existit.
1946 921 2021 990 ld
2072 924 2250 992 enim

230 1028 452 1098 existit·
469 1030 542 1096 in
568 1030 765 1122 spatio
800 1028 1079 1121 possibili
1105 1029 1210 1098 vel
1252 1029 1480 1099 actuali
1501 1081 1521 1110 ‚
1555 1029 1730 1122 quod
1763 1033 1855 1098 est
1880 1027 2250 1098 membrum

230 1136 549 1205 relationis
577 1137 878 1228 possibile
909 1136 1017 1208 vel
1054 1139 1297 1207 actuale
1334 1166 1351 1208 z
1402 1140 1581 1230 atqui
1617 1138 1792 1208 Deus
1813 1192 1833 1219 ‚
1881 1145 2097 1229 utpote
2122 1141 2251 1208 im-

230 1269 492 1316 mensus
532 1251 593 1314 et
633 1246 790 1315 hinc
816 1246 1159 1316 excludens
1189 1269 1454 1317 omnem
1501 1250 2090 1342 extra-positionem
2120 1255 2254 1318 tam

226 1355 330 1429 sui
370 1360 548 1424 extra
595 1376 698 1424 res
722 1406 741 1434 ‚
797 1377 996 1447 quam
1038 1378 1261 1426 rerum
1304 1361 1480 1446 extra
1524 1378 1591 1424 se
1620 1368 1643 1436 ,’
1696 1374 1833 1426 non
1875 1362 2256 1448 potestesse

226 1462 606 1552 membrum
632 1463 832 1554 hujus
848 1464 1171 1535 relationis
1181 1489 1208 1545 ,·
1234 1487 1389 1555 ergo
1421 1464 1596 1534 Deus
1623 1485 1747 1534 nec
1778 1465 1850 1532 in
1885 1463 2082 1556 spatio
2104 1485 2256 1554 pos-

229 1572 400 1648 sibili
436 1594 560 1641 nec
602 1572 674 1640 in
709 1571 941 1641 actuali
961 1585 988 1653 ,’
1030 1571 1143 1642 sed
1176 1573 1247 1640 in
1294 1574 1494 1664 seipso
1545 1592 1660 1640 seu
1703 1571 1776 1641 in
1819 1574 1936 1641 sua⁴
1962 1574 2256 1641 immen-

228 1686 412 1750 sitate
456 1678 655 1749 existit
706 1679 817 1770 (2).
867 1678 946 1771 b)
999 1676 1174 1748 Deus
1219 1701 1331 1749 seu
1384 1678 1782 1748 immensitas
1819 1677 1942 1748 Dei
1984 1699 2118 1749 non
2165 1684 2260 1749 est

229 1788 511 1868 spatium
552 1789 900 1875 formaliter
941 1798 1267 1879 sumptum.
1317 1786 1486 1872 Nam
1516 1788 1794 1877 spatium
1831 1786 2101 1857 formale
2147 1809 2264 1858 scu

231 1895 356 1970 suh
401 1894 661 1987 proprio
712 1898 1056 1988 conceptu.
1087 1902 1182 1965 est
1235 1895 1616 1986 possibilitas
1665 1896 2214 1985 extra-positionis
2234 1945 2258 1975 ,

231 2002 522 2094 adeoque
542 2053 561 2081 ‚
589 2024 761 2100 *cum
788 2002 929 2073 haec
967 2002 1312 2090 sub,an
1354 2003 1541 2073 certis
1580 2002 1895 2072 Emitibus
1924 2005 2264 2074 constricta

235 2109 491 2203 concipi
519 2111 712 2202 possit
726 2122 753 2190 ‚*
795 2110 908 2179 sed
937 2132 1191 2204 semper
1227 2112 1522 2204 augibilis
1554 2110 1807 2203 concipi
1849 2110 2076 2180 debeat
2099 2127 2126 2192 ,·
2168 2117 2265 2180 est

234 2219 631 2309 indefinitum
665 2242 687 2286 .·
729 2218 904 2310 atqui
938 2220 1333 2289 immensitas
1373 2217 1493 2287 Dei
1514 2269 1536 2298 ,
1571 2223 1792 2309 utpote
1821 2217 2167 2306 essentialis
2197 2224 2264 2288 et

235 2324 655 2394 immutabilis
688 2326 988 2419 perfectio
1011 2338 1040 2407 ‚⁷
1076 2348 1201 2393 non
1221 2337 1414 2416 potest
1453 2350 1575 2394 esse
1608 2327 1938 2418 indefinita
1962 2378 1980 2404 ‚
2028 2324 2139 2394 sed
2171 2331 2266 2395 est

236 2435 591 2503 necessario
626 2440 772 2503 actu
807 2436 1066 2525 infinita
1111 2442 1176 2503 et
1221 2434 1566 2504 excludens
1597 2455 1866 2506 omnem
1896 2433 2266 2524 augibiJita-

236 2547 422 2624 tcm3
471 2564 625 2634 ergo
680 2541 853 2611 Deus
895 2556 1009 2625 seu
1051 2544 1447 2614 immensitas
1491 2541 1617 2614 Dei
1666 2559 1804 2613 non
1844 2546 1938 2612 est
1999 2550 2266 2632 spatia-m
2360 2584 2361 2587 =

237 2651 521 2738 formale.
550 2650 683 2718 Ast
740 2650 810 2742 c)
864 2650 1039 2722 Deus
1091 2673 1207 2722 seu
1246 2652 1643 2722 immensitas
1688 2649 1811 2722 Dei
1862 2653 1956 2720 est
1998 2655 2266 2741 spatium

238 2758 507 2824 minens
541 2769 600 2824 et
627 2758 895 2827 virtuale
920 2784 945 2830 .·
973 2762 1272 2842 eminens,
1320 2766 1636 2853 quatenus
1657 2769 1925 2828 omnem
1956 2756 2269 2827 extensio-

215 2884 403 2936 nem
431 2865 645 2956 aliquo
659 2915 679 2946 ‚
720 2869 836 2935 etsi
882 2866 1066 2938 nullo
1095 2867 1533 2937 ‘determinato
1566 2870 1630 2936 et
1656 2864 2023 2955 assignabili
2074 2865 2268 2934 modo

239 2973 498 3043 definiri
525 2997 778 3045 necesse
810 2981 938 3059 est;
978 2975 1375 3046 immensitas
1402 2973 1527 3044 Dei
1571 2994 1726 3043 vero
1753 2971 2004 3043 infinite
2046 2976 2270 3041 trans-

211 3158 216 3159 ⁷
243 3078 462 3155 cendit
485 3078 751 3153 omnem
779 3083 1147 3155 absolutum
1181 3081 1457 3154 modum
1482 3080 1863 3154 extensionis
1897 3104 1925 3148 z·
1952 3080 2221 3146 virtuale
2243 3088 2273 3155 ,¹

243 3196 565 3284 quatenus
588 3191 875 3263 continet
894 3192 969 3262 in
1000 3214 1068 3263 se
1090 3191 1407 3263 rationem
1431 3191 1856 3262 sufficientem
1889 3185 2104 3257 omnis
2145 3206 2270 3257 ex·-

245 3300 553 3373 tensionis
579 3299 766 3373 realis
792 3301 1078 3396 adeoque
1104 3301 1315 3373 omnis
1344 3301 1560 3396 spatii-,2
2302 3330 2314 3364 ε

310 3528 386 3598 (ι)
419 3531 584 3588 ontot.
609 3530 744 3583 Part.
773 3531 840 3586 11.
862 3527 999 3588 secta
1017 3531 1066 3583 a.
1090 3529 1210 3594 cap.
1234 3532 1287 3584 a.
1306 3529 1416 3583 Art.
1441 3532 1492 3584 a.
1511 3528 1633 3596 rag.
1668 3530 1763 3582 294
1785 3529 1838 3582 et
1856 3527 2002 3596 seqq:
2046 3594 2057 3599 ,
2275 3510 2284 3539 ⁴

312 3621 386 3686 (2)
419 3622 547 3674 Hinc
580 3625 871 3688 intelligitur
902 3625 1105 3674 effatum
1124 3622 1247 3674 illud
1272 3636 1295 3675 ε·
1311 3623 1442 3673 Deus
1463 3624 1537 3674 est
1558 3621 1750 3694 'nullibi
1775 3625 1827 3674 et
1859 3602 2053 3690 ubiqueL
2086 3619 2278 3686 Nempe

252 3691 456 3758 nullibi,
476 3696 594 3758 quia
620 3697 673 3746 in
693 3699 831 3758 nullo
851 3698 959 3746 loco
990 3694 1229 3759 peculiari
1268 3707 1286 3747 z
1322 3694 1518 3761 ubique,
1541 3695 1660 3757 quia
1691 3694 2063 3757 omniproescns.
2084 3694 2278 3745 Dicitur

254 3771 379 3807 *8¹⁸0
394 3757 523 3809 Delu
546 3781 649 3818 csse
680 3767 735 3816 in
757 3768 892 3832 coelo‚
919 3767 973 3817 in
994 3768 1176 3829 templo
1200 3768 1315 3830 etc„
1362 3779 1464 3816 non
1483 3765 1706 3829 quidem,
1729 3764 1871 3829 quasi
1885 3765 1963 3815 his
1983 3765 2100 3815 locis
2120 3767 2276 3816 conti-

256 3831 458 3893 neatur,
474 3830 558 3880 ⁵0⁶¹
575 3841 811 3893 quatenus
831 3837 1003 3891 inillis
1024 3836 1263 3908 peculiari
1284 3837 1499 3905 quodam
1524 3838 1672 3893 modo
1691 3837 2061 3900 se‘maniresteu
2081 3849 2168 3890 seu
2191 3850 2278 3900 pe·
2314 3854 2323 3863 ,

258 3901 471 3956 culiares
492 3903 687 3958 effectus
705 3911 958 3967 producat.
