2988 4832
1444 527 1449 532 .
1546 456 1676 528 304

643 587 976 661 pensuros,
1006 584 1138 639 non
1163 568 1303 639 vult
1320 567 1483 638 serio
1504 588 1731 637 eorum
1782 550 2271 635 beatitudinem.
2300 558 2472 631 Nam
2502 565 2660 631 certe

646 678 933 756 medicus
967 701 1101 749 non
1149 679 1310 756 dans
1343 677 1694 748 medicinas
1718 727 1735 755 ‚
1788 674 2022 767 quihus
2051 673 2198 742 solis
2232 671 2406 740 videt
2456 690 2661 761 oegro-

641 790 786 860 tum
809 808 942 858 esse
971 786 1330 857 curandum
1357 838 1373 865 ‚
1416 806 1551 855 non
1585 784 1724 853 vult
1748 784 1914 852 serio
1941 783 2078 873 ejus
2110 780 2448 850 sanitatem
2481 829 2498 856 ,
2548 800 2662 846 nec

643 899 822 983 pater
850 893 1092 963 honam
1117 894 1562 963 educationem
1581 892 1697 960 filii
1726 891 1824 958 sui
1849 941 1866 969 ,
1884 890 1963 975 ,si
1991 909 2128 960 non
2140 972 2154 975 ‚-
2165 886 2429 979 arripio?
2451 887 2662 956 omnia

646 1002 859 1071 media
887 1002 968 1071 ad
990 1024 1135 1075 eam
1161 1007 1519 1097 opportuna
1546 1028 1564 1081 ;
1603 1022 1758 1092 ergo
1783 1020 1823 1067 a
1850 997 2013 1090 pari.

585 1260 587 1263 y
730 1166 816 1235 R.
854 1168 940 1236 N.
974 1169 1125 1237 Ant.
1166 1166 1271 1237 Ad
1315 1167 1502 1261 prob.
1551 1166 1622 1235 C.
1675 1167 1842 1254 Maj.
1888 1170 1952 1233 et
2001 1166 2090 1234 N.
2140 1150 2331 1235 Min?
2361 1162 2453 1234 Ut
2496 1165 2665 1232 enim

643 1273 814 1343 Deus
860 1276 1019 1345 serio
1066 1275 1423 1347 censendus
1468 1275 1549 1343 sit
1597 1273 1763 1342 velle
1810 1272 2273 1340 beatitudinem
2323 1272 2662 1340 hominum

645 1383 872 1450 sufficit
901 1434 919 1462 ,
949 1388 1021 1451 ut
1043 1382 1147 1453 det
1170 1383 1402 1476 gratias
1436 1383 1517 1450 ad
1569 1403 1713 1449 eam
1756 1379 2275 1468 consequendam
2321 1380 2392 1445 de
2436 1403 2498 1445 se
2538 1403 2663 1456 vere

641 1492 1021 1582 sufficientes,
1046 1492 1160 1561 etsi
1177 1495 1254 1560 ex
1277 1491 1518 1559 malitia
1537 1488 1882 1557 hominum
1901 1508 2036 1556 non
2059 1507 2312 1579 semper
2338 1486 2657 1568 efficaces;

641 1598 814 1667 unde
839 1602 1036 1689 quoad
1056 1602 1324 1667 rationes
1348 1599 1597 1667 additas

735 1767 817 1838 R.
852 1769 955 1836 Ad
976 1770 1081 1838 1⁸¹³
1111 1771 1203 1842 N.
1236 1771 1389 1841 Ant.
1423 1768 1587 1850 Quia
1616 1769 1922 1848 medicus,
1952 1770 2006 1841 si
2031 1766 2385 1863 legitimam
2408 1789 2660 1839 causam

641 1878 871 1946 habeat
896 1931 912 1957 ‚
956 1900 1091 1947 non
1119 1879 1254 1947 alia
1282 1878 1566 1947 remedia
1610 1877 1805 1947 dandi
1823 1930 1843 1959 ,
1895 1901 1962 1949 v,
2012 1902 2081 1971 g.
2130 1885 2464 1971 propterea
2494 1874 2658 1969 quod

644 1988 923 2056 nimium
978 1993 1340 2056 constarent
1382 2038 1398 2066 ,
1461 1992 1534 2054 ut
1582 2009 1658 2054 ex
1704 1986 1828 2055 illis
1874 1987 2102 2078 emptis
2155 1987 2398 2055 familia
2445 1985 2659 2077 aegroti

641 2116 953 2187 magnum
977 2095 1435 2164 detrimentum
1463 2095 1737 2186 patiatur
1756 2147 1774 2175 ‚
1824 2094 2178 2186 praesertim
2218 2096 2272 2163 si
2304 2116 2380 2163 ex
2423 2092 2659 2163 malitia

643 2201 852 2272 solum
887 2205 1106 2294 aegroti
1133 2204 1481 2292 inefficacia
1505 2204 1674 2281 sint,
1709 2202 1921 2271 adhuc
1953 2197 2162 2293 posset
2187 2202 2312 2271 dici
2335 2203 2499 2271 serio
2527 2204 2658 2292 ejus
2690 2212 2697 2220 ‘

641 2311 971 2379 sanitatem
999 2309 1164 2379 velle
1188 2362 1211 2391 ‚
1259 2310 1369 2379 sed
1415 2312 1526 2407 Tr.
1560 2312 1715 2379 Ant.
1748 2313 1836 2380 N.
1874 2312 2052 2379 Com.
2091 2318 2155 2379 et
2166 2335 2317 2400 par.
2359 2310 2530 2383 Nam
2555 2334 2658 2381 re·

640 2419 850 2489 media
885 2420 1197 2488 naturalia
1245 2419 1598 2511 generatim
1639 2441 1718 2489 ex
1767 2420 2000 2489 natura
2044 2420 2161 2489 sua
2203 2426 2353 2488 sunt
2385 2419 2493 2488 vel
2518 2429 2655 2512 apta

639 2529 744 2596 vel
767 2529 1027 2618 inepta:
1082 2527 1303 2617 gratiae
1328 2533 1551 2595 eontra
1586 2549 1664 2595 ex
1715 2528 1948 2597 natura
1979 2527 2098 2597 sua
2148 2535 2602 2619 semperaptae
2630 2579 2648 2605 ,

642 2655 779 2701 non
812 2632 939 2701 nisi
959 2633 1201 2701 malitia
1231 2632 1546 2701 abutentis
1571 2635 1737 2701 fiunt
1769 2636 2042 2726 ineptae3
2089 2641 2153 2704 et
2195 2636 2344 2704 dein
2374 2637 2656 2728 medicus

642 2761 717 2806 ex
746 2739 1297 2831 quasi-contractu
1323 2746 1573 2809 tenetur
1609 2743 1857 2812 meliori
1895 2742 2090 2812 modo
2113 2765 2244 2834 quo
2272 2731 2475 2834 potest
2517 2765 2656 2812 me·

640 2844 817 2928 deri,
850 2845 1025 2917 Deus
1048 2855 1263 2920 autem
1293 2850 1598 2918 creaturis
1631 2851 1792 2918 nihil
1813 2850 2034 2920 debet.

725 3005 827 3072 Ad
850 3003 933 3074 ΙΙ·
907 3002 977 3045 ·““
993 3007 1081 3072 D.
1112 3005 1264 3075 Ant.
1285 3003 1473 3075 Pater
1485 3026 1621 3074 non
1642 3011 2008 3076 censeretur
2037 3006 2204 3076 velle
2226 3007 2468 3076 bonam
2496 3006 2654 3076 edu-

640 3113 953 3203 cationem
997 3113 1139 3182 filii
1155 3114 1253 3182 sui
1300 3134 1379 3182 ex
1427 3134 1506 3183 eo
1548 3115 1849 3205 praecise.
1901 3116 2052 3207 quia
2095 3115 2220 3184 alia
2263 3115 2475 3185 media
2523 3138 2654 3185 non

639 3200 917 3311 eligeret.
968 3223 1055 3290 N.
1083 3223 1235 3289 Ant.
1286 3219 1383 3289 Ex
1418 3243 1534 3302 eo,
1577 3222 1749 3312 quod
1800 3222 1884 3292 ad
1939 3224 2064 3292 alia
2110 3225 2322 3294 media
2364 3224 2654 3315 eligenda

638 3329 984 3421 obligatuS‚
1021 3351 1096 3398 ea
1115 3336 1333 3398 tamen
1356 3331 1589 3421 eligere
1621 3332 2012 3422 negligeret,
2052 3336 2126 3405 C.
2154 3335 2238 3404 A.
2264 3340 2327 3403 et
2345 3336 2436 3427 N.
2466 3334 2647 3402 Com.

639 3448 701 3505 et
715 3440 914 3528 parit.
965 3437 1136 3506 Nam
1157 3442 1324 3506 certe
1353 3439 1407 3506 si
1446 3439 1590 3527 quis
1625 3439 1965 3532 ditissimus
2001 3465 2079 3512 ex
2117 3464 2295 3510 mero
2332 3441 2650 3533 benepla-

640 3548 764 3614 cito
800 3547 991 3615 vellet
1033 3546 1231 3616 ditare
1270 3567 1580 3639 pauperes
1623 3529 1932 3640 alicujus
1931 3553 2207 3643 regionis
2260 3557 2323 3620 et
2365 3550 2646 3631 diceret;

583 3651 881 3781 cuivis,
917 3655 1029 3746 qui
1057 3676 1174 3745 pro
1201 3653 1443 3723 viribus
1471 3655 1601 3724 suis
1630 3679 1746 3780 per
1777 3658 2201 3749 quadrantem
2228 3658 2642 3735 laboraverit,

583 3731 723 3830 do
752 3761 930 3833 mille
954 3767 1234 3840 scutata,
1274 3761 1331 3830 is
1357 3782 1511 3832 sane
1549 3765 1709 3832 serio
1741 3766 1932 3836 vellet
1981 3767 2180 3837 ditare
2211 3788 2441 3836 omnes
2474 3786 2647 3857 pau-

516 3907 521 3913 ·
638 3890 819 3960 peres
840 3871 973 3962 ejus
999 3871 1294 3962 regioniS‚
1321 3871 1496 3946 etaim
1503 3873 1871 3966 raevideret,
1899 3876 2145 3973 aliquos
2173 3897 2484 3972 pauperes
2514 3879 2645 3947 tam
