2988 4832
1476 438 1613 510 376

533 568 640 634 tur
656 565 680 641 .“
724 578 934 653 neque
981 580 1024 632 a
1062 558 1254 631 causa
1293 556 1507 650 aliqua
1556 555 1868 629 extranea
1893 553 1980 628 ad
2021 555 2224 639 alium
2261 555 2551 641 modum

535 669 912 740 coexistendi
953 654 1478 738 determinantur.
1503 663 1661 735 ¹Ens
1703 671 1922 736 autem
1964 671 2253 738 creatum
2285 666 2452 735 nihil
2477 668 2551 736 in

534 799 601 846 se
628 777 821 847 habet
836 777 950 846 'vel
979 775 1216 845 habere
1243 779 1464 865 potest,
1501 797 1633 867 quo
1666 774 2060 845 existentiam
2093 775 2322 866 ipsam,
2348 774 2555 857 adeo-

531 909 658 978 que
688 884 996 977 quidquid
1024 882 1236 962 habet,
1269 883 1640 964 continuet3
1672 905 1825 975 ergo
1857 884 1930 962 si,
1972 882 2104 965 nisi
2124 881 2360 951 directe
2388 904 2555 952 con-

535 1000 854 1063 servatum
870 1014 910 1060 a
928 989 1087 1072 Dec,
1115 992 1508 1061 existentiam
1533 984 1882 1071 continuat,
1913 1011 2061 1060 eam
2080 990 2287 1083 reipsa
2307 989 2557 1081 absque

533 1100 714 1170 omni
738 1101 980 1170 ratione
1004 1100 1354 1170 sufficiente
1379 1099 1714 1185 continuat
1741 1098 1852 1190 (1).

626 1227 798 1296 174.ἶ
840 1224 938 1295 Ex
980 1226 1352 1318 quaestione·
1379 1226 1459 1296 de
1520 1226 1997 1296 conservatione
2045 1223 2419 1295 resolvenda
2459 1229 2560 1293 est

477 1348 479 1351 ’
531 1335 793 1426 quaestio
829 1333 1028 1404 altera
1067 1336 1139 1402 de
1174 1358 1470 1403 concursu
1506 1336 1627 1402 Dei
1669 1336 1755 1403 ad
1796 1335 2058 1401 actiones
2099 1346 2550 1401 ereaturarum.

533 1440 782 1511 Dicitur
805 1465 958 1510 vero
985 1464 1101 1511 ens
1133 1440 1390 1533 aliquod
1418 1463 1771 1509 concurrere
1806 1440 1888 1508 ad
1918 1440 2177 1509 alterius
2204 1440 2549 1518 actionem,
2625 1440 2630 1444 ’

537 1553 589 1618 si
617 1551 866 1642 agendo
893 1554 1215 1620 contineat
1232 1558 1235 1563 ’
1254 1551 1539 1640 aliquam
1581 1550 1897 1617 rationem
1915 1599 1931 1626 ‚
1978 1558 2097 1615 cur‘
2128 1547 2402 1615 alterum
2436 1568 2557 1615 ens

534 1665 702 1748 agat.
734 1656 840 1728 Sic
873 1660 1196 1728 concurrit
1221 1664 1284 1725 et
1314 1657 1576 1748 quidem
1596 1657 1860 1745 physice,
1892 1657 2015 1745 qui.
2040 1656 2218 1721 alteri
2247 1655 2328 1722 ad
2350 1677 2555 1745 agen-

536 1765 696 1836 dum
721 1767 1070 1834 necessaria
1091 1765 1464 1857 suppeditat,
1502 1765 1841 1842 moraliter,
1874 1763 1987 1852 qui
2011 1760 2558 1848 consilio‚‘adhor-

538 1874 791 1952 tatione,
823 1873 1093 1963 imperio
1120 1879 1242 1941 etc.
1278 1872 1360 1940 ad
1381 1870 1709 1962 agendum
1736 1868 2003 1937 inducit.
2038 1867 2321 1936 Vocatur
2336 1875 2557 1936 autem

541 2001 888 2049 concursus
908 1979 1027 2049 Dei
1052 1981 1459 2058 immediatus,
1491 1979 1544 2046 si
1577 1976 1749 2046 Deus
1778 1998 1915 2044 non
1937 1964 2259 2043 minusad
2291 1977 2558 2044 existen-

539 2087 696 2155 tiam
725 2088 1006 2167 effectuS,
1034 2110 1230 2178 quam
1255 2087 1339 2155 ad
1362 2086 1756 2154 existentiam
1784 2105 1989 2151 causae
2019 2088 2358 2151 concurrat
2384 2111 2401 2165 ;
2436 2107 2558 2150 me-

541 2195 750 2260 diatus
791 2218 944 2264 vero
966 2248 982 2274 ‚
1037 2197 1089 2263 si
1131 2216 1479 2263 concursus
1520 2193 1823 2260 duntaxat
1862 2192 1935 2258 in
1979 2211 2078 2258 eo.
2103 2190 2433 2268 consistat,
2480 2197 2558 2258 ut

539 2298 714 2371 Deus
737 2304 1036 2394 creaturis
1060 2303 1188 2371 suis
1206 2302 1342 2372 vim
1369 2300 1602 2393 agendi
1630 2304 1960 2369 conservet
1984 2325 2002 2380 ;
2025 2300 2330 2388 physicus,
2356 2299 2410 2366 si
2433 2297 2554 2366 Dei

537 2407 815 2478 influxus
838 2410 916 2477 sit
938 2410 1234 2500 physicus
1261 2437 1278 2490 ;
1310 2411 1587 2487 moralis,
1626 2407 1678 2476 si
1700 2407 1778 2475 sit
1798 2406 2077 2475 influxus
2094 2406 2381 2484 moralis,
2412 2431 2445 2473 v
2459 2432 2551 2497 .g.

537 2514 911 2584 illustrando
959 2517 1355 2586 intellectum
1373 2567 1390 2596 ,
1451 2518 1773 2607 movendo
1816 2515 2212 2583 voluntatem
2258 2519 2379 2582 etc.
2440 2512 2554 2581 His

540 2623 901 2711 praenotatis
924 2624 1006 2691 sit
1030 2647 1050 2693 ε

626 2790 779 2860 175.
813 2788 1058 2859 PROP.
1087 2790 1193 2860 111.
1251 2790 1420 2861 Dans
1461 2816 1546 2863 An
1647 2814 1797 2866 unas
1847 2814 2132 2864 annonas
2183 2813 2457 2863 enan-un
2470 2812 2559 2858 A·-

540 2920 669 2968 mm
692 2920 940 2967 rnrsma
969 2919 1327 2969 concunmr.

604 3146 674 3213 (1)
703 3146 762 3197 Id
781 3146 1045 3198 clarissime
1063 3161 1154 3211 pro
1180 3162 1320 3199 more
1340 3163 1430 3216 suo
1450 3150 1662 3214 explicat
1680 3150 1734 3203 S.
1759 3150 1938 3204 Thom.
1961 3150 2152 3202 Samm.
2179 3148 2338 3202 Theol.
2362 3153 2488 3211 part.
2509 3151 2555 3204 1.

542 3219 723 3278 Quaest.
752 3220 864 3267 104.
881 3218 991 3267 Art.
1015 3222 1063 3271 1.
1080 3220 1244 3269 dicens
1268 3220 1599 3285 zAEdificator
1617 3225 1691 3272 est
1709 3236 1858 3272 causa
1876 3222 2071 3285 domata,
2108 3224 2339 3288 quantum
2358 3220 2429 3270 ad
2444 3223 2560 3285 ejus

544 3289 670 3355 fieri,
694 3302 790 3338 non
805 3290 966 3339 autem
987 3288 1185 3351 directe,
1208 3294 1444 3355 quantum
1458 3292 1530 3342 ad
1546 3294 1597 3357 ej
1599 3307 1656 3343 us
1676 3308 1780 3343 esse
1783 3328 1880 3347 .....
1903 3293 2041 3344 Sicut
2058 3294 2189 3343 enim
2203 3306 2380 3359 coquus
2393 3294 2563 3357 coquit

541 3359 701 3409 cibum
722 3358 996 3408 adhibendo
1018 3360 1239 3425 aliquam
1267 3363 1501 3411 virtutem
1521 3364 1799 3416 naturalem
1820 3366 2028 3415 activam
2042 3399 2061 3427 ,
2090 3364 2275 3414 seilicet
2292 3363 2425 3428 tynis
2441 3377 2459 3412 .·
2481 3363 2561 3414 ita

543 3430 816 3495 aedificator
836 3432 962 3495 facit
981 3430 1181 3481 domum
1202 3431 1476 3482 adhibendo
1498 3437 1799 3501 caementum,
1826 3435 2016 3500 lapides
2035 3438 2083 3485 et
2104 3435 2243 3499 liqna
2257 3469 2274 3496 ‚
2312 3448 2422 3499 qaoe
2440 3436 2563 3485 sune

543 3502 813 3565 susceptiva
830 3504 879 3551 et
901 3502 1232 3552 conservativa
1253 3504 1372 3552 talis
1391 3505 1758 3568 compositionis
1778 3508 1825 3555 et
1847 3506 2059 3557 ordinis,
2092 3505 2224 3555 Unde
2243 3517 2358 3555 Essa
2376 3504 2563 3553 domnis

543 3572 779 3636 dependet
797 3587 861 3623 eae
875 3572 1072 3623 naturis
1104 3572 1283 3623 harum
1317 3588 1507 3636 rerum,
1540 3576 1667 3625 sieut
1686 3590 1819 3626 mm
1840 3577 2015 3626 domas
2033 3576 2270 3641 dependet
2288 3590 2351 3625 ex
2369 3576 2563 3625 actione

546 3642 862 3707 <aedificatoris
865 3679 963 3695 .....
991 3643 1128 3693 Sicut
1146 3644 1306 3709 iqitur·
1327 3659 1458 3695 nunu
1480 3646 1560 3695 rei
1587 3661 1682 3696 non
1698 3651 1855 3711 potest
1870 3662 2120 3697 remanere
2139 3650 2352 3697 cessante
2369 3647 2564 3696 actione

544 3714 752 3779 agentis,
785 3713 914 3779 quod
928 3717 1000 3764 est
1018 3728 1165 3763 causa
1185 3716 1384 3780 effectus
1418 3717 1684 3767 secundum
1702 3732 1853 3782 ruem,
1876 3719 1947 3768 ita
1964 3733 2048 3769 nec
2068 3731 2181 3768 nssss
2202 3718 2277 3766 rei
2288 3720 2448 3781 potest
2474 3730 2559 3764 re-

545 3799 742 3848 manere
771 3788 983 3835 cessante
1008 3785 1194 3835 actione
1212 3788 1420 3851 astutis,
1462 3788 1594 3853 qnod
1634 3793 1711 3841 est
1737 3803 1885 3842 causa
1924 3790 2120 3857 effectus
2140 3793 2245 3842 non‘
2272 3788 2435 3840 solam
2472 3800 2559 3839 se·
2595 3787 2598 3790 “

546 3854 756 3906 cundum
777 3870 922 3923 num,
946 3857 1035 3911 sed
1057 3858 1206 3911 etiam
1225 3859 1487 3911 seeundum
1511 3874 1630 3912 aasz.
2597 3881 2602 3888 ·
