2988 4832
1274 506 1406 585 103

321 631 514 711 et'sua
528 632 738 734 sponte
763 657 833 713 se
860 638 1267 735 determinet.
1304 643 1614 719 Motieum
1646 643 2000 738 (allieIenss
2041 660 2179 717 non
2225 647 2336 712 ‹tc-

316 748 686 843 terminans)
728 749 837 820 hic
869 749 1103 823 dicitur
1148 754 1367 821 bonum
1409 772 1528 845 pro
1564 751 1864 823 volitione
1886 803 1904 833 ,
1948 752 2183 823 malum
2220 766 2337 847 pro

313 857 621 929 molitione
644 909 662 939 ,
715 864 1033 957 quatenus
1072 860 1460 952 experientia
1505 864 1658 932 teste
1692 859 1940 932 bonum
1982 861 2053 932 in
2100 876 2341 955 genere

311 968 646 1037 maenae-io
674 966 1068 1058 appetimus,
1119 966 1372 1037 malum
1400 967 1473 1038 in
1507 989 1744 1060 genere
1784 969 2120 1038 necessario
2147 990 2336 1039 aver·

315 1094 574 1154 samur,
610 1075 894 1166 adeoque
941 1074 1105 1144 nihil
1155 1075 1321 1146 velle
1370 1097 1750 1168 powumuS,
1800 1076 1977 1169 quod
2026 1099 2161 1149 non
2212 1080 2334 1149 sub

310 1183 528 1275 aliquo
573 1189 865 1275 respectu
919 1181 1238 1274 (sensitivo
1290 1185 1397 1253 vel
1451 1182 1764 1279 rationali)
1816 1183 2115 1269 bonum,
2176 1187 2342 1279 nihil

310 1291 531 1370 nolle,
570 1290 744 1382 quod
769 1310 904 1358 non
934 1289 1055 1357 suh
1090 1288 1305 1381 aliquo
1337 1296 1632 1384 respectu
1658 1292 1910 1362 malum
1947 1293 2050 1365 sit.
2091 1293 2335 1364 Adver-

311 1403 509 1470 κωπίω
528 1401 790 1469 rationis
811 1418 963 1468 vero
987 1399 1059 1467 in
1081 1420 1157 1468 eo
1178 1400 1479 1479 consistit,
1509 1407 1583 1470 ut
1600 1400 1874 1481 bonum,
1894 1401 2024 1493 qua
2051 1401 2327 1483 bonum.
2373 1492 2377 1496 .

231 1539 241 1549 ·
311 1507 432 1577 vel.
446 1506 695 1577 malum
720 1557 738 1585 ,
780 1528 910 1597 qua
938 1506 1189 1575 malum
1224 1513 1565 1595 cognoscat
1579 1558 1597 1589 ,
1627 1514 1702 1578 ut
1715 1507 1884 1578 adeo
1918 1510 2131 1580 omnis
2150 1516 2332 1581 actus

308 1613 650 1683 voluntatis
677 1613 830 1704 (non
853 1614 1063 1683 omnis
1083 1614 1399 1705 appetitio)
1425 1621 1874 1706 praesupponat
1897 1621 2120 1685 actum·
2139 1616 2331 1686 intel-

308 1716 515 1815 lectfis
530 1772 548 1802 ‚
574 1724 754 1812 juxta
782 1720 944 1790 illud
973 1719 1510 1813 Philosophorum
1557 1748 1576 1791 ι
1630 1723 1840 1810 lqnoti
1859 1725 2039 1791 nulla
2059 1723 2280 1815 cupido
2303 1748 2333 1803 ,-

171 1886 190 1915 ,
310 1829 416 1897 vel
449 1855 467 1898 ε
503 1830 688 1898 Nihil
708 1832 993 1908 volitum,
1019 1830 1625 1918 nisipraecoqnitum.
1659 1830 2086 1919 Spontaneitas
2109 1834 2335 1900 autem

312 1935 593 2004 excludit
618 1958 884 2004 omnem
914 1954 1301 2005 concursum
1330 1928 1629 2028 principii
1660 1935 1984 2004 efficientis
2003 1936 2335 2008 extrinseci

308 2041 394 2114 ad
426 2043 1021 2123 determinationem
1048 2040 1365 2122 volitionis
1396 2043 1503 2115 vel
1534 2039 1876 2116 nomionis,
1917 2038 2150 2115 Unde:

309 2262 314 2268 -
385 2217 470 2287 Ψ
510 2218 799 2287 Voluntas
824 2238 951 2287 non
969 2227 1164 2308 potest
1184 2219 1320 2305 σορκ·
1342 2264 1361 2296 ,
1390 2216 1461 2286 ’ἰ.
1497 2238 1562 2287 e.
1595 2218 1819 2286 contra
1846 2213 2330 2287 inclinationem

302 2309 636 2418 propriam
662 2349 706 2394 a
736 2326 806 2393 vi
840 2334 1097 2394 externa
1124 2323 1575 2403 determinari,
1614 2345 1823 2415 neque
1843 2322 1904 2414 α)
1936 2324 2137 2415 quoad
2155 2330 2331 2391 actus

301 2435 539 2502 elicitos
558 2483 578 2513 ‚
608 2432 657 2504 i.
687 2455 750 2504 e.
782 2441 891 2504 eos
909 2484 927 2514 ,
969 2432 1083 2524 qui
1104 2431 1468 2502 immediate
1492 2425 1534 2501 a
1561 2430 1887 2501 voluntate
1916 2430 2275 2523 procedunt
2303 2425 2342 2510 ε’

304 2542 401 2610 uti
444 2540 778 2611 volitiones
823 2539 928 2613 vel
970 2533 1327 2611 nolitioneS.
1381 2537 1553 2608 Nam
1591 2544 1854 2610 eatenus
1886 2542 2221 2631 cogeretur
2251 2536 2324 2607 in

301 2645 405 2725 his
435 2648 684 2717 actibus
707 2699 725 2729 ‚
760 2655 1074 2740 quatenus
1107 2670 1213 2718 eos
1240 2646 1497 2717 eliceret
1539 2651 1763 2717 contra
1810 2667 1996 2716 suam
2039 2666 2328 2740 propen-

305 2759 556 2828 sionem
582 2758 864 2849 adeoque
885 2756 1113 2825 nolens
1132 2804 1150 2835 ,
1186 2754 1298 2823 sed
1321 2754 1546 2825 volens
1572 2759 1637 2822 et
1656 2753 1886 2823 nolens
1906 2758 2060 2823 sunt
2080 2758 2331 2825 contra-

303 2866 437 2947 1·ia;
485 2886 638 2956 ergo
644 2913 780 2937 .....
819 2862 1042 2955 Neque
1071 2861 1127 2954 b)
1153 2863 1352 2953 quoad
1378 2879 1552 2929 actus
1579 2862 1906 2952 imperatos
1930 2886 1948 2942 ς
1981 2860 2029 2929 i.
2063 2882 2130 2938 e.
2163 2882 2273 2931 eos
2300 2910 2322 2940 .

302 2974 417 3064 qui
444 2973 763 3045 mediante
796 2970 1135 3043 voluntatis
1174 2968 1441 3062 imperio
1483 2967 1570 3038 ab
1609 2965 1748 3037 aliis
1774 2958 2009 3035 animae
2041 2965 2324 3037 faculta-

308 3080 482 3152 tibus
508 3104 576 3152 v.
635 3106 703 3175 g.
756 3103 797 3150 a
840 3075 1197 3156 memorie,
1242 3098 1283 3146 a
1315 3076 1382 3145 vi
1415 3074 1719 3155 motrice,
1753 3077 2106 3164 ponuntur.
2140 3070 2310 3142 Nam

297 3194 484 3260 actus
502 3191 846 3281 imperatus
881 3186 1036 3282 poni
1077 3183 1298 3277 nequit
1324 3183 1459 3251 sine
1498 3187 1644 3253 actu
1673 3180 1924 3263 elicito;
1980 3202 2134 3271 ergo
2173 3202 2328 3250 cum
2425 3237 2431 3244 .

297 3297 372 3367 in
386 3297 527 3368 hoe
550 3300 691 3389 cogi
717 3295 1010 3366 voluntas
1040 3314 1175 3363 non
1198 3291 1435 3384 possit,
1466 3312 1589 3359 nec
1618 3281 1857 3383 potest
1840 3312 1910 3360 m
1940 3288 2074 3359 illo.
2107 3284 2324 3358 Potest

302 3411 526 3472 tamen
556 3403 651 3473 vis
687 3403 908 3473 inferri
940 3398 1129 3471 alicui
1161 3419 1403 3491 organo
1429 3393 1750 3470 ordinarie
1801 3391 2114 3469 voluntati
2166 3392 2321 3463 sub-

294 3512 514 3602 jecto;
558 3511 646 3579 sic
672 3509 816 3601 cogi
841 3508 984 3602 quis
1008 3509 1210 3600 potest
1230 3505 1313 3577 ad
1343 3503 1699 3578 sedendum
1720 3557 1738 3588 ,
1777 3523 1931 3575 eum
1953 3499 2149 3576 vellet
2185 3523 2324 3574 am-
2404 3571 2407 3574 .

297 3615 574 3701 bulare;
616 3623 713 3688 ast
737 3617 847 3689 hie
872 3614 1166 3687 voluntas
1200 3636 1335 3686 non
1368 3614 1643 3708 cogitur.

388 3803 462 3873 2⁰
495 3803 784 3873 Voluntas
796 3811 991 3896 potest
1019 3810 1219 3871 tamen
1241 3796 1615 3880 necessitar'i,
1638 3799 1686 3870 i.
1718 3816 1779 3869 e.
1806 3794 2256 3871 invincibiliter
2279 3818 2320 3869 a

302 3913 561 4007 proprie
594 3913 1005 3992 inclinatione
1044 3914 1131 3992 ad
1170 3933 1385 4007 *unum
1421 3908 1832 3987 determinari
1861 3935 1878 3992 ς
1916 3906 2313 3982 sie-necessi-
