2988 4832
1243 443 1369 510 157

296 552 501 632 Porro
525 568 864 654 conceptus
882 560 1075 657 hujus
1100 564 1575 658 praerequiritur
1601 565 1685 637 ad
1703 575 2085 662 conceptum
2113 567 2321 653 illius.'

294 694 452 739 cum
478 672 652 764 prius
680 672 761 739 sit
795 672 1129 766 concipere
1151 675 1555 756 activitatem.
1604 698 1803 769 quam
1832 680 2176 771 concipere
2203 687 2316 750 ta·-

291 781 426 848 lem
445 781 822 852 activitatem
853 810 871 865 3
920 806 1074 876 ergo
1092 784 1370 853 activitas
1405 784 1767 866 intrinseca,
1806 786 1923 855 etsi
1951 809 2087 856 non
2121 788 2194 857 in
2215 810 2307 869 se,

291 897 515 959 tamen
534 914 651 983 pro
676 897 989 985 conceptu
1019 897 1235 962 nostro
1261 944 1278 971 ,
1318 897 1535 985 utpote
1560 895 1674 984 qui
1693 892 1994 962 intimam
2016 899 2317 967 naturam

294 999 554 1092 spiritus
586 1000 942 1094 intelligere
983 1024 1122 1071 non
1159 1022 1494 1094 possumus
1518 1055 1536 1082 ‚
1580 1007 1674 1071 est
1722 1003 2104 1094 primarium
2143 1004 2314 1074 atti-i-

292 1096 528 1176 butum
570 1115 632 1177 et
658 1110 813 1178 hinc
849 1111 1115 1180 essentia
1162 1111 1594 1203 metaphysica
1637 1112 1893 1204 spiritus
1934 1110 2222 1205 adeoque
2248 1118 2313 1181 et

291 1218 528 1286 animae
568 1218 875 1289 humanae
924 1219 1053 1310 qua
1092 1220 1448 1312 spiritualis.
1483 1220 1833 1291 Brutorum
1873 1243 2028 1291 vero
2063 1222 2315 1291 animas

291 1323 493 1414 aliqui
516 1324 885 1418 Philosophi
915 1326 1212 1397 dixerunt
1236 1330 1505 1422 spiritus⁸
1525 1329 1843 1400 inferioris
1887 1329 2165 1410 ordinis,
2206 1329 2315 1399 alii

292 1452 449 1499 vero
476 1483 495 1512 ‚
545 1434 776 1524 quibus
808 1440 871 1503 et
920 1458 1039 1505 nos
1084 1436 1483 1507 adhaeremus
1500 1489 1523 1518 ‚
1562 1460 1669 1509 eas
1692 1438 1917 1509 dicunt
1958 1459 2095 1508 esse
2147 1428 2313 1506 suh-

290 1540 589 1740 stantiffii
628 1542 909 1615 mediam
948 1544 1117 1614 inter
1148 1545 1442 1637 spiritum
1484 1547 1698 1619 stricte
1726 1545 1971 1620 dictum
1999 1550 2065 1620 et
2097 1550 2263 1618 mate
2282 1584 2308 1596 ·

288 1666 455 1716 riam
581 1697 601 1719 .

1027 1932 1422 2019 SECTIO
1461 1935 1560 2022 ΙΙ.

716 2164 807 2216 DF.
856 2163 1072 2216 ANIMA
1118 2164 1453 2216 RELATIVE
1501 2162 1868 2219 SPECTATA.

383 2384 495 2454 70.
531 2384 770 2452 Anima
789 2435 814 2465 ,⁴
838 2389 913 2453 ut
938 2385 1017 2454 sit
1035 2385 1234 2454 libera
1255 2437 1271 2466 ,
1309 2383 1658 2456 necessario
1691 2383 1798 2475 (ex
1818 2382 2111 2455 Sectione
2133 2406 2312 2476 prae·

294 2491 583 2583 cedenti)
618 2494 942 2584 cognoscit
988 2500 1052 2563 et
1101 2495 1375 2586 appetit;
1414 2493 1588 2561 unde
1632 2494 1829 2562 relate
1861 2491 1944 2561 ad
1985 2494 2310 2581 subjectum

292 2618 399 2668 seu
433 2601 724 2669 animam
752 2601 1125 2671 deduximus
1156 2605 1292 2693 ejus
1326 2600 1925 2670 immaterialitatem
1944 2651 1962 2679 ‚
2004 2600 2310 2692 spiritua-

289 2708 536 2777 litatem
570 2707 757 2799 atque
793 2711 1143 2781 ‘essentiam
1182 2708 1705 2800 metaphysicam.
1734 2703 1870 2775 ‘Ast
1904 2706 2114 2775 omnis
2144 2728 2309 2797 cog·-

298 2803 451 2886 nitio
483 2822 547 2886 et
586 2817 881 2908 appetitio
916 2823 1145 2909 praeter
1175 2817 1534 2907 sthectum
1564 2834 1953 2905 cognoscens
1980 2814 2085 2883 'vel
2117 2836 2310 2905 appe·

289 3014 628 3082 principium',
662 3030 761 3079 quo
786 3017 1061 3067 animalitas
1082 3015 1299 3077 corporis
1319 3013 1533 3066 humani
1554 3013 1609 3065 in
1638 3026 1727 3065 suo
1749 3025 1854 3065 esse
1871 3012 2094 3077 specifico
2108 3011 2301 3064 'animn-

289 3085 440 3137 litatis
462 3088 795 3151 constituitur,
818 3102 921 3138 non
938 3091 1083 3151 plane
1100 3089 1425 3150 concipimus·

349 3175 419 3243 (1)
454 3176 690 3235 Quamvis
707 3181 758 3230 et
778 3192 885 3243 nos,
910 3180 1057 3229 modo
1078 3182 1209 3229 recte
1230 3179 1587 3242 intelligamur,
1608 3176 1798 3228 animas
1815 3178 2079 3227 brutorum
2101 3174 2163 3223 ad
2185 3175 2309 3224 claso·

291 3261 395 3313 sem
415 3248 683 3311 spirituum
706 3262 935 3300 revocare
958 3264 1207 3313 possemus
1221 3287 1238 3316 ‚
1280 3251 1365 3299 sed
1385 3250 1566 3313 quibus
1585 3250 1859 3299 intellectus
1879 3251 1930 3297 et
1947 3248 2173 3297 voluntas
2187 3245 2307 3295 desit

292 3321 438 3380 atque
462 3319 585 3369 adeo
604 3319 707 3368 vita
725 3333 841 3369 cum
869 3321 1084 3383 corporis
1109 3321 1425 3371 dissolutione
1460 3324 1649 3382 pereat.
1687 3319 1840 3382 Sequi
1873 3319 1928 3367 in
1955 3319 2049 3367 hac
2065 3331 2121 3365 re
2141 3316 2314 3366 liceret

290 3389 341 3441 S.
361 3391 659 3453 Gregorium
676 3390 941 3456 Magnum„
969 3394 1057 3455 qui
1071 3392 1328 3457 Dialoqor.
1350 3392 1459 3442 Lib.
1486 3394 1535 3444 ¹0.
1557 3392 1681 3454 Cap.
1701 3394 1780 3441 13.
1802 3392 1872 3440 ita
1894 3390 2073 3439 habetz
2098 3387 2213 3437 Tres·
2231 3387 2311 3437 vi-

289 3462 418 3513 tales·
455 3463 667 3528 spiritus
703 3463 890 3513 creavit
910 3464 1212 3528 omnipotens
1246 3464 1412 3514 Deus.
1404 3478 1417 3491 ·
1447 3477 1640 3526 unum,
1680 3464 1768 3529 qui
1801 3475 1948 3512 carne
1975 3473 2070 3509 non
2093 3458 2310 3523 teqilw·,·

294 3532 471 3599 alium,
498 3533 587 3601 qui
606 3547 751 3583 came
770 3535 974 3599 teqitur,
1006 3535 1097 3585 sed
1112 3551 1207 3585 non
1228 3551 1339 3586 cum
1358 3549 1506 3586 came
1522 3534 1768 3599 moritur-3
1788 3533 1990 3583 tertium
2010 3565 2029 3594 ,
2061 3532 2148 3597 qui
2166 3543 2314 3581 carne

289 3606 496 3670 tegitur,
518 3608 568 3655 et
586 3618 698 3655 cum
715 3619 864 3655 carne
880 3606 1115 3659 moritur.
1138 3606 1362 3671 Spiritus
1377 3618 1588 3671 namque
1608 3605 1704 3668 est,
1725 3604 1813 3669 qui
1825 3616 1971 3654 came
1987 3616 2083 3653 nem
2101 3601 2308 3667 tegitur,

289 3668 609 3742 angelorum·
625 3676 856 3741 spiritus,
875 3676 963 3741 qui
980 3690 1127 3727 carne
1146 3678 1354 3742 teqitur,
1378 3676 1469 3727 sed
1482 3689 1594 3726 cum
1619 3688 1768 3725 carne
1787 3688 1884 3724 non
1903 3673 2137 3735 moritur,
2159 3670 2312 3721 homi-

288 3753 449 3811 numg
484 3747 734 3811 spiritus,
784 3748 872 3814 qui
900 3761 1048 3797 came
1065 3748 1268 3813 tegitur,
1295 3750 1472 3797 etcum
1513 3760 1659 3797 carne
1689 3745 1906 3795 moritur
1927 3777 1944 3806 ,
1970 3745 2311 3811 jumentorum
2350 3788 2354 3794 .

286 3815 612 3883 omniumque
640 3816 897 3868 brutorum
916 3819 1234 3872 animalium.
1254 3818 1411 3868 Homo
1437 3819 1605 3887 itaque
1628 3817 1707 3873 εἰσ
1725 3817 1780 3869 in
1798 3815 1964 3869 medio
1999 3817 2192 3871 creatus
2217 3813 2311 3873 est,

291 3889 348 3937 ut
366 3900 419 3940 ee
421 3890 496 3939 set
514 3887 733 3953 inferior
767 3887 961 3960 anquO,
976 3904 1123 3959 rupen
1126 3905 1204 3943 ιον
1222 3892 1449 3957 Jumento

467 3981 513 4027 n
1449 3993 1453 3998 -
1583 4050 1615 4059 ὓ,
1835 3925 1985 4031 ’Μ

2396 3621 2406 3659 t
2452 3661 2455 3664 ,
