<?xml version="1.0" encoding="UTF-8"?>
<!DOCTYPE html PUBLIC "-//W3C//DTD XHTML 1.0 Transitional//EN"
    "http://www.w3.org/TR/xhtml1/DTD/xhtml1-transitional.dtd">
<html xmlns="http://www.w3.org/1999/xhtml" xml:lang="en" lang="en">
 <head>
  <title>
</title>
<meta http-equiv="Content-Type" content="text/html;charset=utf-8" />
  <meta name='ocr-system' content='tesseract 3.04.00' />
  <meta name='ocr-capabilities' content='ocr_page ocr_carea ocr_par ocr_line ocrx_word'/>
</head>
<body>
  <div class='ocr_page' id='page_1' title='image "./institutionesph00rothgoog_0373.png"; bbox 0 0 2988 4832; ppageno 0'>
   <div class='ocr_carea' id='block_1_1' title="bbox 259 479 2268 777">
    <p class='ocr_par' dir='ltr' id='par_1_1' title="bbox 259 479 2268 777">
     <span class='ocr_line' id='line_1_1' title="bbox 352 479 2268 676; baseline 0 -9"><span class='ocrx_word' id='word_1_1' title='bbox 352 595 505 667; x_wconf 74' lang='lat'><strong>161.</strong></span> <span class='ocrx_word' id='word_1_2' title='bbox 550 592 807 668; x_wconf 84' lang='lat' dir='ltr'><strong>PROP..</strong></span> <span class='ocrx_word' id='word_1_3' title='bbox 835 593 918 670; x_wconf 88' lang='lat'><strong>11.</strong></span> <span class='ocrx_word' id='word_1_4' title='bbox 951 595 1118 668; x_wconf 73' lang='lat' dir='ltr'><strong>Dans</strong></span> <span class='ocrx_word' id='word_1_5' title='bbox 1168 479 1522 668; x_wconf 56' lang='grc' dir='ltr'><em>Εῗξῖυω</em></span> <span class='ocrx_word' id='word_1_6' title='bbox 1566 617 1822 667; x_wconf 59' lang='lat' dir='ltr'><strong>sanci-cs</strong></span> <span class='ocrx_word' id='word_1_7' title='bbox 1847 645 1868 676; x_wconf 81' lang='lat'>,</span> <span class='ocrx_word' id='word_1_8' title='bbox 1907 615 2016 665; x_wconf 74' lang='lat' dir='ltr'><strong>stu</strong></span> <span class='ocrx_word' id='word_1_9' title='bbox 2069 614 2268 667; x_wconf 70' lang='lat' dir='ltr'><strong>num</strong></span> 
     </span>
     <span class='ocr_line' id='line_1_2' title="bbox 259 724 1232 777; baseline 0.002 -2"><span class='ocrx_word' id='word_1_10' title='bbox 259 724 519 776; x_wconf 72' lang='lat' dir='ltr'><strong>sunm</strong></span> <span class='ocrx_word' id='word_1_11' title='bbox 542 725 888 775; x_wconf 72' lang='lat' dir='ltr'><strong>nonnum</strong></span> <span class='ocrx_word' id='word_1_12' title='bbox 919 726 1232 777; x_wconf 62' lang='lat' dir='ltr'><strong>nonum.</strong></span> 
     </span>
    </p>
   </div>
   <div class='ocr_carea' id='block_1_2' title="bbox 172 866 2271 1507">
    <p class='ocr_par' dir='ltr' id='par_1_2' title="bbox 172 866 2271 1507">
     <span class='ocr_line' id='line_1_3' title="bbox 345 866 2271 944; baseline 0.002 -4"><span class='ocrx_word' id='word_1_13' title='bbox 345 873 538 943; x_wconf 75' lang='lat' dir='ltr'><strong>Proh.</strong></span> <span class='ocrx_word' id='word_1_14' title='bbox 586 872 845 942; x_wconf 84' lang='lat' dir='ltr'><strong>Bonitas</strong></span> <span class='ocrx_word' id='word_1_15' title='bbox 870 873 1128 943; x_wconf 87' lang='lat' dir='ltr'><strong>moralis</strong></span> <span class='ocrx_word' id='word_1_16' title='bbox 1177 895 1291 942; x_wconf 91' lang='lat' dir='ltr'><strong>seu</strong></span> <span class='ocrx_word' id='word_1_17' title='bbox 1320 866 1617 943; x_wconf 84' lang='lat' dir='ltr'><strong>sanctitas</strong></span> <span class='ocrx_word' id='word_1_18' title='bbox 1654 880 1749 942; x_wconf 91' lang='lat' dir='ltr'><strong>est</strong></span> <span class='ocrx_word' id='word_1_19' title='bbox 1778 890 2124 944; x_wconf 77' lang='lat' dir='ltr'>consensus</span> <span class='ocrx_word' id='word_1_20' title='bbox 2160 892 2271 944; x_wconf 78' lang='lat' dir='ltr'><strong>ac·-</strong></span> 
     </span>
     <span class='ocr_line' id='line_1_4' title="bbox 178 982 2269 1075; baseline 0.005 -27"><span class='ocrx_word' id='word_1_21' title='bbox 178 1032 179 1035; x_wconf 63' lang='lat'>,</span> <span class='ocrx_word' id='word_1_22' title='bbox 260 982 511 1051; x_wconf 89' lang='lat' dir='ltr'><strong>tionum</strong></span> <span class='ocrx_word' id='word_1_23' title='bbox 555 982 904 1052; x_wconf 90' lang='lat' dir='ltr'><strong>liberarum</strong></span> <span class='ocrx_word' id='word_1_24' title='bbox 931 986 1093 1053; x_wconf 88' lang='lat' dir='ltr'><strong>entis</strong></span> <span class='ocrx_word' id='word_1_25' title='bbox 1140 1006 1293 1052; x_wconf 90' lang='lat' dir='ltr'><strong>cum</strong></span> <span class='ocrx_word' id='word_1_26' title='bbox 1321 984 1608 1075; x_wconf 89' lang='lat' dir='ltr'><strong>ejusdem</strong></span> <span class='ocrx_word' id='word_1_27' title='bbox 1654 985 1815 1054; x_wconf 89' lang='lat' dir='ltr'><strong>entis</strong></span> <span class='ocrx_word' id='word_1_28' title='bbox 1841 985 2118 1056; x_wconf 85' lang='lat' dir='ltr'><strong>bonitate</strong></span> <span class='ocrx_word' id='word_1_29' title='bbox 2148 1002 2269 1059; x_wconf 67' lang='lat' dir='ltr'><strong>na-</strong></span> 
     </span>
     <span class='ocr_line' id='line_1_5' title="bbox 258 1090 2270 1182; baseline 0.003 -28"><span class='ocrx_word' id='word_1_30' title='bbox 258 1090 448 1157; x_wconf 85' lang='lat' dir='ltr'><strong>turali</strong></span> <span class='ocrx_word' id='word_1_31' title='bbox 477 1118 494 1170; x_wconf 81' lang='lat'><em>3</em></span> <span class='ocrx_word' id='word_1_32' title='bbox 531 1112 684 1181; x_wconf 84' lang='lat' dir='ltr'><strong>ergo</strong></span> <span class='ocrx_word' id='word_1_33' title='bbox 710 1112 964 1161; x_wconf 90' lang='lat' dir='ltr'><strong>summe</strong></span> <span class='ocrx_word' id='word_1_34' title='bbox 994 1097 1291 1161; x_wconf 90' lang='lat' dir='ltr'><strong>sanctum</strong></span> <span class='ocrx_word' id='word_1_35' title='bbox 1319 1092 1480 1160; x_wconf 91' lang='lat' dir='ltr'><strong>illud</strong></span> <span class='ocrx_word' id='word_1_36' title='bbox 1507 1114 1623 1161; x_wconf 90' lang='lat' dir='ltr'><strong>ens</strong></span> <span class='ocrx_word' id='word_1_37' title='bbox 1641 1094 1803 1171; x_wconf 89' lang='lat' dir='ltr'><strong>erit,</strong></span> <span class='ocrx_word' id='word_1_38' title='bbox 1843 1094 2025 1182; x_wconf 88' lang='lat' dir='ltr'><strong>cujus</strong></span> <span class='ocrx_word' id='word_1_39' title='bbox 2046 1114 2270 1174; x_wconf 83' lang='lat' dir='ltr'><strong>omnes</strong></span> 
     </span>
     <span class='ocr_line' id='line_1_6' title="bbox 172 1198 2271 1301; baseline 0.001 -36"><span class='ocrx_word' id='word_1_40' title='bbox 172 1284 183 1301; x_wconf 25' lang='lat' dir='ltr'>x</span> <span class='ocrx_word' id='word_1_41' title='bbox 257 1199 539 1267; x_wconf 81' lang='lat' dir='ltr'>actiones</span> <span class='ocrx_word' id='word_1_42' title='bbox 569 1198 789 1270; x_wconf 81' lang='lat' dir='ltr'><strong>liberae</strong></span> <span class='ocrx_word' id='word_1_43' title='bbox 825 1222 979 1269; x_wconf 86' lang='lat' dir='ltr'><strong>cum</strong></span> <span class='ocrx_word' id='word_1_44' title='bbox 1005 1200 1282 1269; x_wconf 78' lang='lat' dir='ltr'><strong>naturali</strong></span> <span class='ocrx_word' id='word_1_45' title='bbox 1325 1198 1606 1269; x_wconf 89' lang='lat' dir='ltr'><strong>bonitate</strong></span> <span class='ocrx_word' id='word_1_46' title='bbox 1629 1200 2079 1293; x_wconf 79' lang='lat' dir='ltr'><strong>perfectissime</strong></span> <span class='ocrx_word' id='word_1_47' title='bbox 2111 1222 2271 1268; x_wconf 90' lang='lat' dir='ltr'><strong>con-</strong></span> 
     </span>
     <span class='ocr_line' id='line_1_7' title="bbox 255 1305 2270 1400; baseline 0.002 -29"><span class='ocrx_word' id='word_1_48' title='bbox 255 1305 543 1374; x_wconf 87' lang='lat' dir='ltr'><strong>sentiunt</strong></span> <span class='ocrx_word' id='word_1_49' title='bbox 574 1332 592 1375; x_wconf 77' lang='lat' dir='ltr'><strong><em>z</em></strong></span> <span class='ocrx_word' id='word_1_50' title='bbox 622 1309 799 1397; x_wconf 87' lang='lat' dir='ltr'><strong>atqui</strong></span> <span class='ocrx_word' id='word_1_51' title='bbox 830 1308 1108 1376; x_wconf 81' lang='lat' dir='ltr'><strong>actiones</strong></span> <span class='ocrx_word' id='word_1_52' title='bbox 1151 1305 1273 1375; x_wconf 88' lang='lat' dir='ltr'><strong>Dei</strong></span> <span class='ocrx_word' id='word_1_53' title='bbox 1318 1306 1538 1377; x_wconf 78' lang='lat' dir='ltr'><strong>liberoe</strong></span> <span class='ocrx_word' id='word_1_54' title='bbox 1566 1329 1795 1377; x_wconf 68' lang='lat' dir='ltr'><strong>omnes</strong></span> <span class='ocrx_word' id='word_1_55' title='bbox 1822 1308 2270 1400; x_wconf 79' lang='lat' dir='ltr'><strong>perfectissime</strong></span> 
     </span>
     <span class='ocr_line' id='line_1_8' title="bbox 253 1413 2265 1507; baseline 0.001 -24"><span class='ocrx_word' id='word_1_56' title='bbox 253 1414 664 1484; x_wconf 86' lang='lat' dir='ltr'><strong>consentiunt</strong></span> <span class='ocrx_word' id='word_1_57' title='bbox 691 1437 846 1484; x_wconf 88' lang='lat' dir='ltr'><strong>cum</strong></span> <span class='ocrx_word' id='word_1_58' title='bbox 871 1416 1128 1488; x_wconf 72' lang='lat' dir='ltr'><strong>summa</strong></span> <span class='ocrx_word' id='word_1_59' title='bbox 1153 1416 1290 1505; x_wconf 84' lang='lat' dir='ltr'><strong>ejus</strong></span> <span class='ocrx_word' id='word_1_60' title='bbox 1314 1413 1593 1484; x_wconf 88' lang='lat' dir='ltr'><strong>bonitate</strong></span> <span class='ocrx_word' id='word_1_61' title='bbox 1623 1416 1942 1496; x_wconf 78' lang='lat' dir='ltr'><strong>naturali3</strong></span> <span class='ocrx_word' id='word_1_62' title='bbox 1971 1438 2126 1507; x_wconf 84' lang='lat' dir='ltr'><strong>ergo</strong></span> <span class='ocrx_word' id='word_1_63' title='bbox 2131 1466 2265 1486; x_wconf 92' lang='grc'><strong>.....</strong></span> 
     </span>
    </p>
   </div>
   <div class='ocr_carea' id='block_1_3' title="bbox 249 1583 2273 2438">
    <p class='ocr_par' dir='ltr' id='par_1_3' title="bbox 249 1583 2273 2438">
     <span class='ocr_line' id='line_1_9' title="bbox 351 1583 2272 1657; baseline -0.002 -1"><span class='ocrx_word' id='word_1_64' title='bbox 351 1587 550 1656; x_wconf 72' lang='lat' dir='ltr'><strong>Proh.</strong></span> <span class='ocrx_word' id='word_1_65' title='bbox 596 1586 768 1657; x_wconf 72' lang='lat' dir='ltr'><strong><em>Min.</em></strong></span> <span class='ocrx_word' id='word_1_66' title='bbox 803 1584 873 1655; x_wconf 90' lang='lat' dir='ltr'><strong>Si</strong></span> <span class='ocrx_word' id='word_1_67' title='bbox 900 1585 1006 1654; x_wconf 79' lang='lat' dir='ltr'><strong>vel</strong></span> <span class='ocrx_word' id='word_1_68' title='bbox 1048 1585 1319 1654; x_wconf 88' lang='lat' dir='ltr'><strong>minima</strong></span> <span class='ocrx_word' id='word_1_69' title='bbox 1345 1585 1508 1654; x_wconf 90' lang='lat' dir='ltr'><strong>actio</strong></span> <span class='ocrx_word' id='word_1_70' title='bbox 1537 1583 1657 1655; x_wconf 91' lang='lat' dir='ltr'><strong>Dei</strong></span> <span class='ocrx_word' id='word_1_71' title='bbox 1699 1583 1901 1653; x_wconf 85' lang='lat' dir='ltr'><strong>libera</strong></span> <span class='ocrx_word' id='word_1_72' title='bbox 1935 1606 2073 1652; x_wconf 92' lang='lat' dir='ltr'><strong>non</strong></span> <span class='ocrx_word' id='word_1_73' title='bbox 2101 1606 2272 1653; x_wconf 90' lang='lat' dir='ltr'><strong>con-</strong></span> 
     </span>
     <span class='ocr_line' id='line_1_10' title="bbox 252 1691 2267 1785; baseline -0.003 -20"><span class='ocrx_word' id='word_1_74' title='bbox 252 1696 515 1765; x_wconf 77' lang='lat' dir='ltr'><strong>sentiret</strong></span> <span class='ocrx_word' id='word_1_75' title='bbox 541 1714 693 1763; x_wconf 90' lang='lat' dir='ltr'><strong>cum</strong></span> <span class='ocrx_word' id='word_1_76' title='bbox 716 1695 971 1763; x_wconf 70' lang='lat' dir='ltr'><strong>summa</strong></span> <span class='ocrx_word' id='word_1_77' title='bbox 991 1695 1129 1785; x_wconf 89' lang='lat' dir='ltr'><strong>ejus</strong></span> <span class='ocrx_word' id='word_1_78' title='bbox 1154 1691 1431 1761; x_wconf 87' lang='lat' dir='ltr'><strong>bonitate</strong></span> <span class='ocrx_word' id='word_1_79' title='bbox 1455 1691 1732 1765; x_wconf 83' lang='lat' dir='ltr'><strong>naturali</strong></span> <span class='ocrx_word' id='word_1_80' title='bbox 1765 1691 2085 1784; x_wconf 81' lang='lat' dir='ltr'><strong>(adeoque</strong></span> <span class='ocrx_word' id='word_1_81' title='bbox 2113 1713 2267 1761; x_wconf 87' lang='lat' dir='ltr'><strong>cum</strong></span> 
     </span>
     <span class='ocr_line' id='line_1_11' title="bbox 251 1797 2273 1891; baseline -0.002 -18"><span class='ocrx_word' id='word_1_82' title='bbox 251 1802 559 1873; x_wconf 83' lang='lat' dir='ltr'><strong>omnibus</strong></span> <span class='ocrx_word' id='word_1_83' title='bbox 585 1801 896 1870; x_wconf 79' lang='lat' dir='ltr'><strong>attributis</strong></span> <span class='ocrx_word' id='word_1_84' title='bbox 911 1850 933 1881; x_wconf 84' lang='lat'><strong>‚</strong></span> <span class='ocrx_word' id='word_1_85' title='bbox 986 1801 1310 1870; x_wconf 85' lang='lat' dir='ltr'><strong>intellectu</strong></span> <span class='ocrx_word' id='word_1_86' title='bbox 1333 1851 1350 1879; x_wconf 86' lang='lat'>,</span> <span class='ocrx_word' id='word_1_87' title='bbox 1385 1800 1691 1891; x_wconf 85' lang='lat' dir='ltr'><strong>sapientia</strong></span> <span class='ocrx_word' id='word_1_88' title='bbox 1717 1798 1874 1890; x_wconf 92' lang='lat' dir='ltr'><strong>etc.)</strong></span> <span class='ocrx_word' id='word_1_89' title='bbox 1905 1797 2079 1868; x_wconf 88' lang='lat' dir='ltr'><strong>Deus</strong></span> <span class='ocrx_word' id='word_1_90' title='bbox 2112 1803 2273 1868; x_wconf 87' lang='lat' dir='ltr'><strong>esset</strong></span> 
     </span>
     <span class='ocr_line' id='line_1_12' title="bbox 253 1904 2271 2000; baseline -0.002 -21"><span class='ocrx_word' id='word_1_91' title='bbox 253 1930 459 2000; x_wconf 84' lang='lat' dir='ltr'><strong>capax</strong></span> <span class='ocrx_word' id='word_1_92' title='bbox 475 1908 757 1977; x_wconf 69' lang='lat' dir='ltr'><strong>defectus</strong></span> <span class='ocrx_word' id='word_1_93' title='bbox 777 1908 1002 1976; x_wconf 89' lang='lat' dir='ltr'><strong>saltem</strong></span> <span class='ocrx_word' id='word_1_94' title='bbox 1028 1906 1431 1976; x_wconf 88' lang='lat' dir='ltr'><strong>accidentalis</strong></span> <span class='ocrx_word' id='word_1_95' title='bbox 1484 1932 1504 1976; x_wconf 70' lang='grc' dir='ltr'><em>ε</em></span> <span class='ocrx_word' id='word_1_96' title='bbox 1565 1907 1741 1997; x_wconf 84' lang='lat' dir='ltr'><strong>atqui</strong></span> <span class='ocrx_word' id='word_1_97' title='bbox 1762 1906 2129 1998; x_wconf 87' lang='lat' dir='ltr'><strong>hujusmodi</strong></span> <span class='ocrx_word' id='word_1_98' title='bbox 2148 1904 2271 1975; x_wconf 88' lang='lat' dir='ltr'><strong>de-</strong></span> 
     </span>
     <span class='ocr_line' id='line_1_13' title="bbox 250 2011 2272 2106; baseline -0.002 -21"><span class='ocrx_word' id='word_1_99' title='bbox 250 2018 464 2086; x_wconf 68' lang='lat' dir='ltr'><strong>fectus</strong></span> <span class='ocrx_word' id='word_1_100' title='bbox 490 2015 664 2085; x_wconf 91' lang='lat' dir='ltr'><strong>Deus</strong></span> <span class='ocrx_word' id='word_1_101' title='bbox 703 2036 899 2105; x_wconf 82' lang='lat' dir='ltr'><strong>capax</strong></span> <span class='ocrx_word' id='word_1_102' title='bbox 930 2036 1065 2083; x_wconf 92' lang='lat' dir='ltr'><strong>non</strong></span> <span class='ocrx_word' id='word_1_103' title='bbox 1111 2021 1244 2095; x_wconf 87' lang='lat' dir='ltr'><strong>est;</strong></span> <span class='ocrx_word' id='word_1_104' title='bbox 1292 2036 1446 2106; x_wconf 86' lang='lat' dir='ltr'><strong>ergo</strong></span> <span class='ocrx_word' id='word_1_105' title='bbox 1487 2035 1713 2082; x_wconf 87' lang='lat' dir='ltr'><strong>omnes</strong></span> <span class='ocrx_word' id='word_1_106' title='bbox 1742 2015 2017 2083; x_wconf 88' lang='lat' dir='ltr'><strong>actiones</strong></span> <span class='ocrx_word' id='word_1_107' title='bbox 2041 2011 2163 2082; x_wconf 90' lang='lat' dir='ltr'><strong>Dei</strong></span> <span class='ocrx_word' id='word_1_108' title='bbox 2187 2013 2272 2081; x_wconf 88' lang='lat' dir='ltr'><strong>li-</strong></span> 
     </span>
     <span class='ocr_line' id='line_1_14' title="bbox 250 2117 2271 2215; baseline -0.001 -23"><span class='ocrx_word' id='word_1_109' title='bbox 250 2123 431 2192; x_wconf 82' lang='lat' dir='ltr'><strong>berae</strong></span> <span class='ocrx_word' id='word_1_110' title='bbox 460 2124 909 2215; x_wconf 82' lang='lat' dir='ltr'><strong>perfectissime</strong></span> <span class='ocrx_word' id='word_1_111' title='bbox 967 2117 1371 2192; x_wconf 89' lang='lat' dir='ltr'><strong>consentiunt</strong></span> <span class='ocrx_word' id='word_1_112' title='bbox 1397 2138 1563 2190; x_wconf 82' lang='lat' dir='ltr'><strong>&#39;cum</strong></span> <span class='ocrx_word' id='word_1_113' title='bbox 1591 2124 1730 2213; x_wconf 89' lang='lat' dir='ltr'><strong>ejus</strong></span> <span class='ocrx_word' id='word_1_114' title='bbox 1759 2119 2038 2190; x_wconf 88' lang='lat' dir='ltr'><strong>bonitate</strong></span> <span class='ocrx_word' id='word_1_115' title='bbox 2080 2126 2271 2190; x_wconf 86' lang='lat' dir='ltr'><strong>natu-</strong></span> 
     </span>
     <span class='ocr_line' id='line_1_15' title="bbox 249 2229 2272 2323; baseline -0.001 -22"><span class='ocrx_word' id='word_1_116' title='bbox 249 2232 379 2301; x_wconf 86' lang='lat' dir='ltr'><strong>rali</strong></span> <span class='ocrx_word' id='word_1_117' title='bbox 412 2256 432 2300; x_wconf 74' lang='lat' dir='ltr'><em>z</em></span> <span class='ocrx_word' id='word_1_118' title='bbox 463 2231 637 2321; x_wconf 80' lang='lat' dir='ltr'><strong>atqui</strong></span> <span class='ocrx_word' id='word_1_119' title='bbox 658 2231 745 2299; x_wconf 89' lang='lat' dir='ltr'><strong>ita</strong></span> <span class='ocrx_word' id='word_1_120' title='bbox 772 2231 1180 2299; x_wconf 88' lang='lat' dir='ltr'><strong>consentiunt</strong></span> <span class='ocrx_word' id='word_1_121' title='bbox 1205 2230 1554 2323; x_wconf 77' lang='lat' dir='ltr'><strong>peripsam</strong></span> <span class='ocrx_word' id='word_1_122' title='bbox 1581 2229 1702 2298; x_wconf 93' lang='lat' dir='ltr'><strong>Dei</strong></span> <span class='ocrx_word' id='word_1_123' title='bbox 1716 2231 2049 2299; x_wconf 88' lang='lat' dir='ltr'><strong>essentiam</strong></span> <span class='ocrx_word' id='word_1_124' title='bbox 2076 2256 2096 2313; x_wconf 75' lang='grc' dir='ltr'><strong>ς</strong></span> <span class='ocrx_word' id='word_1_125' title='bbox 2119 2251 2272 2321; x_wconf 84' lang='lat' dir='ltr'><strong>ergo</strong></span> 
     </span>
     <span class='ocr_line' id='line_1_16' title="bbox 251 2338 1885 2438; baseline 0.001 -30"><span class='ocrx_word' id='word_1_126' title='bbox 251 2338 433 2409; x_wconf 87' lang='lat' dir='ltr'><strong>Deus</strong></span> <span class='ocrx_word' id='word_1_127' title='bbox 454 2361 571 2438; x_wconf 77' lang='lat' dir='ltr'><strong>per</strong></span> <span class='ocrx_word' id='word_1_128' title='bbox 607 2339 944 2409; x_wconf 88' lang='lat' dir='ltr'><strong>essentiam</strong></span> <span class='ocrx_word' id='word_1_129' title='bbox 980 2359 1165 2408; x_wconf 89' lang='lat' dir='ltr'><strong>suam</strong></span> <span class='ocrx_word' id='word_1_130' title='bbox 1192 2342 1285 2406; x_wconf 89' lang='lat' dir='ltr'><strong>est</strong></span> <span class='ocrx_word' id='word_1_131' title='bbox 1319 2360 1572 2408; x_wconf 87' lang='lat' dir='ltr'><strong>summe</strong></span> <span class='ocrx_word' id='word_1_132' title='bbox 1606 2343 1885 2410; x_wconf 79' lang='lat' dir='ltr'><strong>sanctus·</strong></span> 
     </span>
    </p>
   </div>
   <div class='ocr_carea' id='block_1_4' title="bbox 246 2498 2273 3351">
    <p class='ocr_par' dir='ltr' id='par_1_4' title="bbox 246 2498 2273 3351">
     <span class='ocr_line' id='line_1_17' title="bbox 343 2498 2273 2595; baseline 0.001 -22"><span class='ocrx_word' id='word_1_133' title='bbox 343 2501 583 2573; x_wconf 69' lang='lat' dir='ltr'><strong>Conon.</strong></span> <span class='ocrx_word' id='word_1_134' title='bbox 614 2498 789 2595; x_wconf 84' lang='lat' dir='ltr'><strong>Ergo</strong></span> <span class='ocrx_word' id='word_1_135' title='bbox 814 2503 882 2574; x_wconf 77' lang='lat' dir='ltr'><strong>vi</strong></span> <span class='ocrx_word' id='word_1_136' title='bbox 911 2502 1252 2573; x_wconf 86' lang='lat' dir='ltr'><strong>sanctitatis</strong></span> <span class='ocrx_word' id='word_1_137' title='bbox 1297 2523 1428 2571; x_wconf 83' lang='lat' dir='ltr'><strong>suae</strong></span> <span class='ocrx_word' id='word_1_138' title='bbox 1454 2500 1629 2572; x_wconf 88' lang='lat' dir='ltr'><strong>Deus</strong></span> <span class='ocrx_word' id='word_1_139' title='bbox 1653 2555 1670 2582; x_wconf 92' lang='lat'><strong>‚</strong></span> <span class='ocrx_word' id='word_1_140' title='bbox 1706 2506 1823 2573; x_wconf 88' lang='lat' dir='ltr'><strong>etsi</strong></span> <span class='ocrx_word' id='word_1_141' title='bbox 1861 2503 2024 2573; x_wconf 89' lang='lat' dir='ltr'><strong>liber</strong></span> <span class='ocrx_word' id='word_1_142' title='bbox 2068 2504 2148 2574; x_wconf 83' lang='lat' dir='ltr'><strong>sit</strong></span> <span class='ocrx_word' id='word_1_143' title='bbox 2190 2506 2273 2574; x_wconf 88' lang='lat' dir='ltr'><strong>ad</strong></span> 
     </span>
     <span class='ocr_line' id='line_1_18' title="bbox 249 2609 2273 2703; baseline -0 -21"><span class='ocrx_word' id='word_1_144' title='bbox 249 2611 612 2682; x_wconf 87' lang='lat' dir='ltr'><strong>creandum</strong></span> <span class='ocrx_word' id='word_1_145' title='bbox 637 2611 743 2680; x_wconf 82' lang='lat' dir='ltr'><strong>vel</strong></span> <span class='ocrx_word' id='word_1_146' title='bbox 777 2632 914 2681; x_wconf 91' lang='lat' dir='ltr'><strong>non</strong></span> <span class='ocrx_word' id='word_1_147' title='bbox 945 2609 1320 2691; x_wconf 88' lang='lat' dir='ltr'><strong>creandum,</strong></span> <span class='ocrx_word' id='word_1_148' title='bbox 1351 2617 1570 2681; x_wconf 86' lang='lat' dir='ltr'><strong>tamen</strong></span> <span class='ocrx_word' id='word_1_149' title='bbox 1597 2612 1796 2703; x_wconf 92' lang='lat' dir='ltr'><strong>posito</strong></span> <span class='ocrx_word' id='word_1_150' title='bbox 1827 2612 2077 2683; x_wconf 91' lang='lat' dir='ltr'><strong>decreto</strong></span> <span class='ocrx_word' id='word_1_151' title='bbox 2100 2637 2273 2684; x_wconf 86' lang='lat' dir='ltr'><strong>crea-</strong></span> 
     </span>
     <span class='ocr_line' id='line_1_19' title="bbox 247 2713 2271 2801; baseline 0 -12"><span class='ocrx_word' id='word_1_152' title='bbox 247 2720 449 2790; x_wconf 86' lang='lat' dir='ltr'><strong>tionis</strong></span> <span class='ocrx_word' id='word_1_153' title='bbox 469 2771 488 2801; x_wconf 90' lang='lat'>,</span> <span class='ocrx_word' id='word_1_154' title='bbox 525 2741 706 2789; x_wconf 87' lang='lat' dir='ltr'><strong>suam</strong></span> <span class='ocrx_word' id='word_1_155' title='bbox 737 2721 1133 2789; x_wconf 75' lang='lat' dir='ltr'><strong>voluntatem</strong></span> <span class='ocrx_word' id='word_1_156' title='bbox 1175 2721 1304 2789; x_wconf 82' lang='lat' dir='ltr'><strong>sive</strong></span> <span class='ocrx_word' id='word_1_157' title='bbox 1345 2720 1826 2789; x_wconf 87' lang='lat' dir='ltr'><strong>antecedentem</strong></span> <span class='ocrx_word' id='word_1_158' title='bbox 1865 2722 1994 2790; x_wconf 89' lang='lat' dir='ltr'><strong>sive</strong></span> <span class='ocrx_word' id='word_1_159' title='bbox 2044 2713 2271 2790; x_wconf 85' lang='lat' dir='ltr'><strong>conse-</strong></span> 
     </span>
     <span class='ocr_line' id='line_1_20' title="bbox 249 2826 2271 2921; baseline 0 -26"><span class='ocrx_word' id='word_1_160' title='bbox 249 2833 563 2921; x_wconf 88' lang='lat' dir='ltr'><strong>quentem</strong></span> <span class='ocrx_word' id='word_1_161' title='bbox 602 2878 625 2909; x_wconf 87' lang='lat'>‚</span> <span class='ocrx_word' id='word_1_162' title='bbox 686 2826 815 2897; x_wconf 78' lang='lat' dir='ltr'><strong>sive</strong></span> <span class='ocrx_word' id='word_1_163' title='bbox 862 2828 1198 2918; x_wconf 82' lang='lat' dir='ltr'><strong>positivam</strong></span> <span class='ocrx_word' id='word_1_164' title='bbox 1258 2827 1388 2896; x_wconf 86' lang='lat' dir='ltr'><strong>sive</strong></span> <span class='ocrx_word' id='word_1_165' title='bbox 1449 2828 1812 2917; x_wconf 84' lang='lat' dir='ltr'><strong>negativam</strong></span> <span class='ocrx_word' id='word_1_166' title='bbox 1872 2830 2271 2896; x_wconf 81' lang='lat' dir='ltr'><strong>conformare</strong></span> 
     </span>
     <span class='ocr_line' id='line_1_21' title="bbox 250 2931 2272 3026; baseline 0 -22"><span class='ocrx_word' id='word_1_167' title='bbox 250 2933 447 3004; x_wconf 87' lang='lat' dir='ltr'><strong>debet</strong></span> <span class='ocrx_word' id='word_1_168' title='bbox 490 2933 728 3026; x_wconf 77' lang='lat' dir='ltr'><strong>regulis</strong></span> <span class='ocrx_word' id='word_1_169' title='bbox 773 2931 1093 3025; x_wconf 61' lang='lat' dir='ltr'><strong>sapientiae</strong></span> <span class='ocrx_word' id='word_1_170' title='bbox 1140 2954 1272 3002; x_wconf 83' lang='lat' dir='ltr'><strong>suae</strong></span> <span class='ocrx_word' id='word_1_171' title='bbox 1289 2983 1307 3012; x_wconf 86' lang='lat'>‚</span> <span class='ocrx_word' id='word_1_172' title='bbox 1363 2932 1648 3023; x_wconf 84' lang='lat' dir='ltr'><strong>adeoque</strong></span> <span class='ocrx_word' id='word_1_173' title='bbox 1704 2935 1776 3001; x_wconf 92' lang='lat' dir='ltr'><strong>in</strong></span> <span class='ocrx_word' id='word_1_174' title='bbox 1801 2933 2272 3005; x_wconf 73' lang='lat' dir='ltr'><strong>&#39;benefaciendo</strong></span> 
     </span>
     <span class='ocr_line' id='line_1_22' title="bbox 249 3040 2271 3132; baseline -0 -19"><span class='ocrx_word' id='word_1_175' title='bbox 249 3046 563 3113; x_wconf 88' lang='lat' dir='ltr'><strong>creaturis</strong></span> <span class='ocrx_word' id='word_1_176' title='bbox 614 3042 741 3113; x_wconf 86' lang='lat' dir='ltr'><strong>suis</strong></span> <span class='ocrx_word' id='word_1_177' title='bbox 806 3043 877 3111; x_wconf 90' lang='lat' dir='ltr'><strong>in</strong></span> <span class='ocrx_word' id='word_1_178' title='bbox 927 3040 1254 3111; x_wconf 84' lang='lat' dir='ltr'><strong>individuo</strong></span> <span class='ocrx_word' id='word_1_179' title='bbox 1302 3062 1438 3110; x_wconf 90' lang='lat' dir='ltr'><strong>non</strong></span> <span class='ocrx_word' id='word_1_180' title='bbox 1487 3046 1692 3132; x_wconf 88' lang='lat' dir='ltr'><strong>potest</strong></span> <span class='ocrx_word' id='word_1_181' title='bbox 1746 3040 1949 3110; x_wconf 90' lang='lat' dir='ltr'><strong>solam</strong></span> <span class='ocrx_word' id='word_1_182' title='bbox 2011 3041 2271 3116; x_wconf 84' lang='lat' dir='ltr'><strong>bonita-</strong></span> 
     </span>
     <span class='ocr_line' id='line_1_23' title="bbox 246 3144 2273 3242; baseline -0.001 -21"><span class='ocrx_word' id='word_1_183' title='bbox 246 3159 393 3221; x_wconf 79' lang='lat' dir='ltr'><strong>tem</strong></span> <span class='ocrx_word' id='word_1_184' title='bbox 424 3173 609 3226; x_wconf 84' lang='lat' dir='ltr'><strong>suam</strong></span> <span class='ocrx_word' id='word_1_185' title='bbox 647 3150 1065 3242; x_wconf 86' lang='lat' dir='ltr'><strong>respectivam</strong></span> <span class='ocrx_word' id='word_1_186' title='bbox 1122 3148 1435 3241; x_wconf 86' lang='lat' dir='ltr'><strong>respicere</strong></span> <span class='ocrx_word' id='word_1_187' title='bbox 1455 3199 1476 3228; x_wconf 92' lang='lat'>‚</span> <span class='ocrx_word' id='word_1_188' title='bbox 1540 3148 1652 3217; x_wconf 87' lang='lat' dir='ltr'><strong>sed</strong></span> <span class='ocrx_word' id='word_1_189' title='bbox 1699 3169 1958 3218; x_wconf 87' lang='lat' dir='ltr'><strong>necesse</strong></span> <span class='ocrx_word' id='word_1_190' title='bbox 1986 3155 2081 3220; x_wconf 85' lang='lat' dir='ltr'><strong>est</strong></span> <span class='ocrx_word' id='word_1_191' title='bbox 2111 3200 2131 3230; x_wconf 90' lang='lat'>‚</span> <span class='ocrx_word' id='word_1_192' title='bbox 2195 3144 2273 3219; x_wconf 77' lang='lat' dir='ltr'><strong>nt</strong></span> 
     </span>
     <span class='ocr_line' id='line_1_24' title="bbox 247 3256 2273 3351; baseline -0.001 -21"><span class='ocrx_word' id='word_1_193' title='bbox 247 3259 538 3330; x_wconf 88' lang='lat' dir='ltr'><strong>actiones</strong></span> <span class='ocrx_word' id='word_1_194' title='bbox 561 3258 699 3351; x_wconf 82' lang='lat' dir='ltr'><strong>ejus</strong></span> <span class='ocrx_word' id='word_1_195' title='bbox 721 3257 942 3329; x_wconf 83' lang='lat' dir='ltr'><strong>liberae</strong></span> <span class='ocrx_word' id='word_1_196' title='bbox 971 3280 1125 3328; x_wconf 89' lang='lat' dir='ltr'><strong>cum</strong></span> <span class='ocrx_word' id='word_1_197' title='bbox 1155 3257 1396 3328; x_wconf 84' lang='lat' dir='ltr'><strong>caeteris</strong></span> <span class='ocrx_word' id='word_1_198' title='bbox 1429 3256 1732 3327; x_wconf 87' lang='lat' dir='ltr'><strong>omnibus</strong></span> <span class='ocrx_word' id='word_1_199' title='bbox 1760 3257 2075 3328; x_wconf 83' lang='lat' dir='ltr'><strong>attributis</strong></span> <span class='ocrx_word' id='word_1_200' title='bbox 2102 3279 2273 3329; x_wconf 91' lang='lat' dir='ltr'><strong>con-</strong></span> 
     </span>
    </p>
   </div>
   <div class='ocr_carea' id='block_1_5' title="bbox 247 3367 559 3442">
    <p class='ocr_par' dir='ltr' id='par_1_5' title="bbox 247 3367 559 3442">
     <span class='ocr_line' id='line_1_25' title="bbox 247 3367 559 3442; baseline -0.006 -1"><span class='ocrx_word' id='word_1_201' title='bbox 247 3367 559 3442; x_wconf 81' lang='lat' dir='ltr'><strong>sentiant.</strong></span> 
     </span>
    </p>
   </div>
   <div class='ocr_carea' id='block_1_6' title="bbox 248 3533 2275 3850">
    <p class='ocr_par' dir='ltr' id='par_1_6' title="bbox 248 3533 2275 3850">
     <span class='ocr_line' id='line_1_26' title="bbox 352 3533 2275 3633; baseline 0.001 -26"><span class='ocrx_word' id='word_1_202' title='bbox 352 3536 508 3609; x_wconf 80' lang='lat'><strong>162.</strong></span> <span class='ocrx_word' id='word_1_203' title='bbox 549 3533 808 3607; x_wconf 88' lang='lat' dir='ltr'><strong>Bonitas</strong></span> <span class='ocrx_word' id='word_1_204' title='bbox 836 3539 1180 3630; x_wconf 77' lang='lat' dir='ltr'><strong>respectiva</strong></span> <span class='ocrx_word' id='word_1_205' title='bbox 1207 3545 1302 3609; x_wconf 88' lang='lat' dir='ltr'><strong>est</strong></span> <span class='ocrx_word' id='word_1_206' title='bbox 1322 3537 1661 3633; x_wconf 83' lang='lat' dir='ltr'><strong>propensio</strong></span> <span class='ocrx_word' id='word_1_207' title='bbox 1689 3537 1983 3630; x_wconf 87' lang='lat' dir='ltr'><strong>quaedam</strong></span> <span class='ocrx_word' id='word_1_208' title='bbox 2008 3536 2092 3609; x_wconf 88' lang='lat' dir='ltr'><strong>ad</strong></span> <span class='ocrx_word' id='word_1_209' title='bbox 2119 3559 2275 3633; x_wconf 85' lang='lat' dir='ltr'><strong>pro-</strong></span> 
     </span>
     <span class='ocr_line' id='line_1_27' title="bbox 248 3644 2270 3730; baseline 0 -12"><span class='ocrx_word' id='word_1_210' title='bbox 248 3644 651 3721; x_wconf 78' lang='lat' dir='ltr'><strong>movendam</strong></span> <span class='ocrx_word' id='word_1_211' title='bbox 687 3668 909 3717; x_wconf 75' lang='lat' dir='ltr'><strong>veram</strong></span> <span class='ocrx_word' id='word_1_212' title='bbox 938 3647 1212 3716; x_wconf 86' lang='lat' dir='ltr'><strong>aliorum</strong></span> <span class='ocrx_word' id='word_1_213' title='bbox 1246 3649 1609 3718; x_wconf 84' lang='lat' dir='ltr'><strong>felicitatem</strong></span> <span class='ocrx_word' id='word_1_214' title='bbox 1630 3700 1649 3730; x_wconf 90' lang='lat'>‚</span> <span class='ocrx_word' id='word_1_215' title='bbox 1693 3650 1845 3728; x_wconf 68' lang='lat' dir='ltr'><strong>seu‘,</strong></span> <span class='ocrx_word' id='word_1_216' title='bbox 1876 3648 1971 3717; x_wconf 89' lang='lat' dir='ltr'><strong>uti</strong></span> <span class='ocrx_word' id='word_1_217' title='bbox 2000 3648 2108 3718; x_wconf 86' lang='lat' dir='ltr'><strong>alii</strong></span> <span class='ocrx_word' id='word_1_218' title='bbox 2152 3672 2270 3720; x_wconf 83' lang='lat' dir='ltr'><strong>vo-</strong></span> 
     </span>
     <span class='ocr_line' id='line_1_28' title="bbox 251 3752 2272 3850; baseline 0.001 -27"><span class='ocrx_word' id='word_1_219' title='bbox 251 3752 449 3836; x_wconf 78' lang='lat' dir='ltr'><strong>lunt,</strong></span> <span class='ocrx_word' id='word_1_220' title='bbox 488 3759 583 3824; x_wconf 78' lang='lat' dir='ltr'><strong>est</strong></span> <span class='ocrx_word' id='word_1_221' title='bbox 601 3756 1020 3850; x_wconf 78' lang='lat' dir='ltr'><strong>promptitudo</strong></span> <span class='ocrx_word' id='word_1_222' title='bbox 1043 3758 1375 3824; x_wconf 75' lang='lat' dir='ltr'><strong>voluntatis</strong></span> <span class='ocrx_word' id='word_1_223' title='bbox 1408 3759 1496 3825; x_wconf 82' lang='lat' dir='ltr'><strong>ad</strong></span> <span class='ocrx_word' id='word_1_224' title='bbox 1538 3758 2009 3849; x_wconf 72' lang='lat' dir='ltr'><strong>promovendum</strong></span> <span class='ocrx_word' id='word_1_225' title='bbox 2062 3780 2272 3825; x_wconf 67' lang='lat' dir='ltr'><strong>verum</strong></span> 
     </span>
    </p>
   </div>
   <div class='ocr_carea' id='block_1_7' title="bbox 253 3861 2361 3961">
    <p class='ocr_par' dir='ltr' id='par_1_7' title="bbox 253 3861 2361 3961">
     <span class='ocr_line' id='line_1_29' title="bbox 253 3861 2361 3961; baseline 0.004 -30"><span class='ocrx_word' id='word_1_226' title='bbox 253 3861 531 3935; x_wconf 60' lang='lat' dir='ltr'><strong>acierum</strong></span> <span class='ocrx_word' id='word_1_227' title='bbox 581 3862 818 3938; x_wconf 76' lang='lat' dir='ltr'><strong>bonum.</strong></span> <span class='ocrx_word' id='word_1_228' title='bbox 868 3861 1084 3958; x_wconf 84' lang='lat' dir='ltr'><strong>Itaque</strong></span> <span class='ocrx_word' id='word_1_229' title='bbox 1133 3864 1381 3939; x_wconf 80' lang='lat' dir='ltr'><strong>bonitas</strong></span> <span class='ocrx_word' id='word_1_230' title='bbox 1431 3867 1777 3961; x_wconf 85' lang='lat' dir='ltr'><strong>respectiva</strong></span> <span class='ocrx_word' id='word_1_231' title='bbox 1821 3866 1939 3939; x_wconf 85' lang='lat' dir='ltr'><strong>erit</strong></span> <span class='ocrx_word' id='word_1_232' title='bbox 1987 3865 2268 3942; x_wconf 79' lang='lat' dir='ltr'><strong>absolute</strong></span> <span class='ocrx_word' id='word_1_233' title='bbox 2359 3865 2361 3870; x_wconf 71' lang='grc'>’</span> 
     </span>
    </p>
   </div>
  </div>
 </body>
</html>
