2988 4832
1119 482 1321 569 ‚71

844 614 869 645 ³
1082 692 1367 769 CAPUT
1405 692 1502 766 11.

828 874 926 948 De
940 874 1359 974 ,possibilitate
1389 872 1712 951 miraculi.

369 1093 489 1167 31.
536 1086 820 1179 Eventus
863 1117 974 1167 seu
1011 1092 1270 1166 effectus
1296 1146 1313 1176 ‚
1365 1094 1479 1187 qui
1510 1090 1705 1167 habet
1742 1090 2057 1165 rationem
2102 1090 2291 1165 autfi-

280 1202 559 1273 cientem
598 1200 670 1271 in
704 1199 947 1272 viribus
973 1209 1221 1273 naturae
1243 1253 1264 1282 ,
1308 1204 1549 1293 effectus
1587 1203 1946 1282 natamus,-
1987 1198 2101 1292 qui
2136 1216 2291 1272 vero

280 1317 538 1403 superat
562 1312 730 1380 vires
743 1312 954 1381 omnis
970 1317 1276 1381 creaturae
1291 1310 1650 1380 secundum
1673 1309 2062 1379 universales
2091 1312 2291 1378 natu-

280 1438 374 1487 rae
389 1414 564 1508 leges
582 1419 826 1508 agentis
853 1469 872 1497 ,
917 1420 1160 1509 effectus
1185 1419 1681 1515 supernaturalis
1709 1421 1993 1485 vocatur.
2021 1414 2292 1486 Effectus

277 1529 496 1594 autem
517 1527 1026 1616 supernaturales
1054 1525 1323 1617 duplicis
1350 1525 1605 1616 generis
1627 1529 1800 1593 sunt.
1828 1523 1959 1592 Alii
1980 1523 2194 1591 iisdem
2220 1525 2292 1588 in

278 1634 592 1721 adjunctis
634 1646 920 1725 perpetuo
959 1634 1236 1702 eveniunt
1262 1684 1281 1713 ‚
1325 1639 1400 1700 ut
1438 1632 1597 1701 adeo
1641 1620 1941 1721 adjuncta
1972 1631 2112 1701 haec
2139 1631 2290 1701 uni-

278 1739 557 1811 versales
589 1740 885 1832 quaedam
931 1739 1108 1832 leges
1151 1762 1286 1809 esse
1324 1740 1662 1809 videantur
1688 1791 1707 1819 ,
1740 1761 1899 1830 quas
1942 1737 2115 1809 Deus
2171 1737 2291 1807 sihi
2381 1742 2386 1747 ’

281 1847 416 1939 ipse
442 1846 641 1917 libere
663 1847 965 1937 posuerit.
1021 1846 1126 1916 Sic
1151 1869 1405 1938 semper
1448 1853 1701 1916 creatur
1737 1847 1954 1915 anima
1973 1846 2284 1925 humana,

280 1976 437 2024 cum
463 1975 693 2046 corpus
716 1954 804 2023 ita
827 1956 965 2046 jam
1003 1956 1438 2046 organisatum
1484 1960 1622 2035 est,
1673 1960 1750 2024 ut
1774 1957 2050 2025 actiones
2075 1955 2293 2025 vitales

278 2059 561 2131 exerceri
585 2062 847 2152 possint.
889 2061 1022 2130 Alii
1057 2064 1251 2130 nullis
1282 2064 1460 2130 certis
1498 2064 1810 2150 adjunctis
1848 2064 2143 2154 statisque
2184 2062 2294 2132 le·—

276 2168 469 2261 gibus
501 2170 754 2258 alliqati
798 2181 982 2251 sunt,
1033 2167 1144 2253 sed
1174 2168 1367 2238 modo
1411 2190 1490 2238 ac
1522 2175 1807 2260 tempore
1838 2169 2088 2239 insolito
2131 2191 2291 2238 con-

275 2275 559 2367 tingunt
585 2281 651 2348 et
666 2277 947 2371 percepti
973 2276 1057 2346 ab
1076 2276 1446 2349 hominihus
1475 2275 1964 2349 admirationem
1990 2276 2285 2348 excitant.

275 2376 483 2458 Porro

363 2529 641 2619 Effectus
661 2529 963 2598 sensibilis
985 2532 1474 2622 cuvernam-alis
1522 2532 1806 2599 insolitam
1828 2529 2057 2601 dicitur
2078 2532 2291 2601 mira·-

279 2638 483 2706 enham
505 2689 524 2716 ‚
562 2643 628 2706 et
656 2638 882 2730 triplex
911 2638 1317 2730 distinguitur
1340 2690 1358 2719 ‚
1402 2658 1638 2730 nempe
1663 2641 2033 2707 miraculum
2067 2639 2131 2707 1·
2152 2661 2293 2706 con-

279 2758 383 2814 tra
411 2755 758 2824 mentm,-
807 2766 961 2815 oum
987 2747 1062 2815 in
1102 2747 1333 2816 natura
1359 2767 1498 2815 non
1539 2746 1751 2814 solum
1798 2766 1933 2815 non
1981 2751 2075 2814 est
2100 2764 2292 2815 causa

278 2850 561 2922 efficiens
579 2902 598 2930 ‚
633 2850 745 2921 sed
773 2858 868 2922 est
897 2854 1214 2944 dispositio
1251 2852 1568 2924 contraria
1601 2854 1850 2923 effectui
1875 2906 1892 2933 ,
1930 2855 2026 2923 uti
2049 2854 2123 2923 in
2152 2855 2293 2923 mi·-

273 2958 498 3027 raculo
545 2957 737 3028 Josue
767 2985 784 3028 ε
820 2962 933 3029 Sol
967 2970 1067 3029 sta
1091 2985 1116 3041 ς
1140 2961 1210 3029 2⁰
1252 2982 1444 3051 supra
1491 2972 1785 3029 naturam
1806 2981 1834 3039 ,⁶
1862 2961 1916 3028 si
1940 2961 2012 3028 in
2059 2960 2293 3029 natura

276 3083 411 3134 non
438 3085 634 3136 causa
660 3067 943 3137 efficiens
957 3119 980 3148 ,
1010 3068 1122 3137 sed
1152 3090 1276 3138 nec
1307 3068 1625 3138 contraria
1669 3067 1984 3160 dispositio
2025 3072 2124 3136 est
2142 3117 2159 3146 ,
2192 3066 2297 3138 uti

278 3174 656 3244 resurrecfio
685 3176 924 3246 mortui
949 3201 968 3257 ;
1010 3175 1080 3245 3⁰
1108 3189 1338 3265 praxet-
1361 3187 1660 3245 natm-m
1677 3201 1706 3258 ,-
1740 3174 1796 3245 si
1820 3197 1862 3245 a
1884 3173 2117 3244 natura
2142 3175 2294 3265 qui-

277 3274 430 3348 dem
450 3278 723 3371 produci
746 3286 956 3373 posset
976 3332 997 3362 ‚
1027 3282 1141 3353 sed
1161 3304 1295 3352 non
1319 3304 1397 3353 eo
1427 3284 1667 3366 modo,
1710 3305 1841 3376 quo
1862 3282 2247 3355 miraculum
2266 3333 2284 3361 .

279 3382 374 3455 uti
403 3383 735 3461 subitanea
763 3390 1007 3460 sanatio
1036 3387 1251 3460 morbi
1273 3392 1605 3462 inveterati
1629 3391 1768 3462 solo
1787 3394 1965 3463 vocis
1990 3392 2290 3483 imperim·

366 3529 678 3603 Min-acula
700 3544 916 3603 contra
934 3538 1000 3604 et
1024 3551 1214 3627 supra
1249 3544 1547 3608 naturam
1566 3541 1869 3609 dicuntur
1886 3535 2112 3630 primae
2134 3543 2291 3605 ctas-

284 3637 369 3705 εἰσ
392 3643 457 3709 et
475 3643 675 3731 quoad
702 3644 1139 3727 substantiam,
1154 3668 1241 3718 ea
1259 3669 1413 3723 vero
1424 3659 1656 3744 praeter
1675 3654 1975 3723 naturam
1994 3647 2289 3724 secundae

287 3743 496 3824 elassis
518 3751 584 3820 et
604 3750 803 3839 quoad
822 3747 1088 3824 mdum.

376 3877 688 3979 Magnum
718 3889 951 3983 aulem
962 3886 1306 3984 &911an
1333 3898 1426 3974 est
1462 3892 1629 3971 inter
1648 3894 2014 3968 miraculum
2038 3902 2100 3968 ct
2123 3899 2286 3993 effer·
2419 3966 2428 3978 ,
