2988 4832
1072 528 1090 546 ·
1196 505 1358 576 -415

315 628 429 701 Ast
453 628 655 702 homo
676 629 766 700 ita
801 627 1175 699 constitutus
1203 634 1326 709 est,
1366 634 1437 697 ut
1467 621 1661 697 talem
1690 618 1988 700 effectum
2016 634 2099 698 ne
2129 624 2333 719 suspi-

314 740 446 807 cari
476 735 739 829 quidem
782 737 976 829 possit
1005 757 1138 811 esse
1171 733 1657 806 connaturalem
1692 733 1787 803 rei
1828 738 2053 805 creatae
2090 734 2210 804 sihi
2226 735 2334 804 *in-

318 846 590 937 cognitae
622 844 866 937 (causae
890 844 1126 936 ignotae
1152 864 1266 913 seu
1306 839 1438 935 legi
1466 840 1775 934 ignotae),·
1803 841 1915 912 sed
1946 847 2021 912 ut
2049 838 2332 910 eundem

314 945 769 1022 invincibiliter
795 950 1347 1043 supernaturalem
1370 949 1585 1019 credat
1604 971 1764 1020 esse.
1794 947 1865 1021 Si
1896 972 2052 1042 ergo
2076 948 2334 1035 effectus

316 1044 425 1127 ille
454 1052 874 1127 nihilominus
919 1065 1079 1126 esset
1118 1056 1550 1127 connaturalis
1593 1056 1786 1126 alicui
1822 1056 1918 1126 rei
1946 1061 2172 1127 creatae
2193 1104 2213 1135 ,
2256 1077 2335 1125 ex

317 1186 395 1234 eo
439 1163 638 1234 homo
683 1185 819 1235 non
868 1158 1061 1235 modo
1109 1164 1363 1235 nullam
1389 1182 1771 1255 cognoscere
1810 1169 2021 1255 posset
2050 1163 2335 1249 divinam

254 1330 264 1338 ,
317 1271 802 1365 perfectionem,
842 1268 1001 1341 sed
979 1294 1114 1341 imo
1159 1271 1374 1342 Deum
1405 1271 1727 1341 mendacii
1748 1292 2019 1364 arguere
2047 1270 2332 1341 deberet.

319 1374 492 1471 Ergo
526 1400 606 1448 ex
631 1376 936 1470 sapientia
964 1379 1183 1450 divina
1203 1429 1223 1458 ,
1276 1378 1629 1446 necessario
1660 1384 1803 1448 tum
1827 1358 2163 1457 hominem
2194 1384 2337 1451 tum

318 1509 423 1558 res
444 1487 600 1557 alias
627 1485 712 1556 ad
742 1488 988 1567 finem,
1040 1464 1374 1578 cujuslibet
1409 1485 1696 1553 essentiae
1731 1485 2101 1577 proprium,
2139 1508 2338 1555 cons-

321 1595 633 1674 tituente,
682 1593 926 1662 eruitur
943 1643 963 1672 ,
1008 1591 1308 1661 effectum
1348 1588 1445 1658 rei
1478 1590 1749 1678 cognitae
1790 1608 1925 1658 non
1959 1598 2339 1659 connatura-

320 1698 485 1780 lem,
533 1701 726 1768 etiam
761 1700 858 1768 rei
895 1697 1238 1789 incognitas
1289 1716 1426 1763 non
1472 1692 1989 1773 connaturalem,
2041 1696 2151 1763 sed
2188 1715 2336 1766 vere

238 1848 248 1855 -
322 1807 710 1876 miraculum
748 1827 921 1885 esse,
963 1804 1464 1896 quotiescunque
1502 1802 1702 1868 homo
1733 1816 1815 1868 ex
1851 1800 2154 1869 instinctu
2180 1822 2341 1891 quo-

323 1913 473 1983 dam
512 1914 805 1984 rationali
836 1913 920 2006 (1)
949 1908 1400 1983 invincibiliter
1422 1928 1576 1976 eum
1598 1906 1764 1976 nulli
1787 1904 1883 1975 rei
1913 1912 2138 1976 creatae
2160 1912 2344 1979 attri-

322 2019 462 2093 buit
493 2020 602 2112 (2).
636 2020 827 2090 Unde
858 2018 1248 2092 miraculum
1270 2016 1464 2090 etiam
1494 2014 1708 2105 quoad
1740 2031 1859 2084 nos
1884 2020 1981 2085 est
2008 2005 2158 2086 vere
2182 2036 2342 2112 cog·

325 2129 653 2199 noscibile.

419 2286 534 2358 28.
584 2283 790 2369 QUID
818 2282 981 2358 EST
1011 2280 1255 2359 HOMO
1273 2284 1323 2364 2·-

414 2432 514 2503 Ex
568 2428 748 2503 dictis
766 2485 784 2514 ,
842 2434 1175 2524 cujuslibet
1215 2424 1311 2503 rei
1355 2441 1583 2530 creatae
1624 2436 1855 2506 intima
1897 2431 2259 2505 constitutio
2302 2450 2346 2502 a

320 2542 460 2615 Deo
502 2542 589 2609 ita
629 2543 978 2612 necessario
1013 2548 1424 2636 attemperata
1454 2550 1550 2612 est
1569 2543 1696 2624 fini
1712 2544 2091 2635 praestituto,
2128 2548 2333 2613 utres

324 2647 622 2740 quaelibet
645 2646 857 2739 legem
885 2649 1002 2718 sibi
1035 2631 1470 2741 praescriptam
1496 2647 1569 2719 in
1598 2650 1870 2720 essentia
1897 2648 2016 2744 sua
2041 2639 2346 2720 necessa-

324 2758 447 2827 rio
465 2758 840 2849 impressam
886 2756 1067 2827 ferat.
1104 2755 1230 2827 Via
1282 2760 1497 2847 itaque
1520 2809 1538 2837 ,
1574 2781 1719 2828 rem
1754 2760 2044 2850 quamvis
2070 2759 2347 2852 penitius

329 2862 714 2955 indagandi,
764 2862 906 2930 haec
935 2863 1083 2942 erit,
1135 2855 1211 2930 'ut
1248 2862 1538 2952 primum
1584 2865 1656 2931 in
1705 2885 1773 2932 se
1808 2865 1947 2956 ipsa
1986 2887 2099 2933 seu
2127 2867 2198 2934 in
2228 2864 2349 2937 sua

220 3005 226 3012 ·
325 2970 557 3039 intima
600 2966 1070 3049 constitutione,
1106 2975 1170 3037 et
1197 2967 1346 3039 dein
1385 2989 1462 3040 ex
1490 2969 1616 3039 hac
1657 2969 1917 3040 relative
1952 2967 2032 3038 ad
2061 2967 2186 3040 alia
2230 2993 2368 3054 seu¹

327 3078 400 3145 in
439 3077 568 3146 suis
619 3076 856 3149 finibus
917 3076 1337 3150 examinetur.
1383 3076 1597 3198 Quare
1639 3082 1705 3149 et
1741 3075 2077 3194 hominem
2110 3075 2346 3151 eadem

326 3184 572 3260 ratione
597 3181 1158 3286 considerabimus.
1183 3179 1378 3280 Unde
1486 3193 1489 3282 J
1531 3199 1532 3202 ’

390 3398 463 3469 (i)
493 3398 758 3453 Instinctus
781 3402 870 3452 iste
892 3399 1182 3465 rationalis,
1217 3398 1306 3463 qni
1327 3399 1462 3452 idem
1483 3403 1557 3453 ent
1570 3411 1629 3453 ac
1646 3365 1816 3455 83118111
1834 3403 2025 3455 natum
2047 3397 2347 3467 eommunis,

327 3479 500 3528 Sensus
518 3473 623 3525 veri
643 3486 730 3523 seu
749 3474 874 3524 ratio
893 3473 1175 3525 immediate
1195 3473 1453 3524 veritatem
1474 3475 1614 3540 quasi
1628 3476 1863 3539 sentiens,
1880 3490 1942 3527 ex
1960 3476 2101 3527 dictis
2119 3475 2349 3540 arguitur

328 3546 468 3610 aliud
499 3546 631 3597 nihil
659 3558 794 3607 esse,
832 3556 985 3607 quam
1020 3544 1199 3596 intima
1227 3546 1439 3596 essentia
1470 3542 1688 3596 hominis
1705 3555 1737 3596 8,
1765 3539 1871 3597 Deo
1893 3548 2245 3612 consequenter
2282 3548 2347 3598 ad

329 3618 630 3672 creationem
653 3617 923 3668 necessario
945 3616 1015 3667 ita
1034 3616 1313 3682 constituta,
1337 3621 1394 3667 ut
1419 3618 1678 3667 veritatem
1702 3620 2053 3681 apprehendat,
2085 3623 2138 3670 et
2156 3618 2346 3671 divinas
2379 3647 2382 3670 :

332 3689 655 3751 perfectiones
672 3688 725 3739 in
747 3689 980 3741 creaturis
1000 3691 1258 3752 cognoscat
1273 3702 1362 3740 seu
1377 3681 1440 3740 ex
1459 3688 1704 3739 creatione
1724 3688 1904 3740 visibili
1922 3691 2061 3754 quasi
2082 3704 2145 3742 ex
2163 3703 2346 3755 magno

333 3760 463 3809 libro
480 3771 510 3809 a
529 3759 669 3811 Deo
657 3760 748 3823 ipsi
767 3760 985 3811 exhibito
1004 3760 1270 3810 invisibilia
1287 3760 1377 3810 Dei
1393 3760 1636 3824 intelligat
1658 3759 1831 3825 (inter-
1808 3763 1911 3811 -lorr
1881 3760 2000 3826 0111).

337 3838 464 3977 pag)
475 3836 708 3964 'igoent'uele
745 3842 898 3897 etiam
937 3841 1151 3900 Goemol.
1177 3842 1306 3894 Sect.
1344 3841 1407 3895 Π.
1431 3841 1552 3906 Cap.
1580 3844 1631 3898 3.
1658 3840 1810 3893 simul
1844 3854 1961 3896 cum
1990 3825 2346 3918 objectIonibus

625 3923 648 3964 ⁵
679 3923 761 3973 <lq-
1919 3957 1928 3962 -
