2988 4832
1674 464 1809 540 306

758 618 767 625 -
802 578 931 654 Sed
970 579 1050 652 de
1080 577 1207 654 hoe
1245 587 1632 677 argumento
1655 586 1797 678 jam
1837 583 1982 654 satis
2008 580 2254 656 dictum
2298 589 2416 658 est.
2466 584 2562 658 Ex
2586 601 2711 680 pro·

718 688 1078 770 hattonibus
1114 694 1290 762 certo
1329 697 1503 783 patet
1525 737 1549 773 .
1595 691 1908 786 principia
1941 691 2052 763 illa
2093 692 2223 761 duo
2249 714 2385 763 esse
2426 693 2709 774 absurda;

719 798 891 892 quod
942 798 997 868 si
1036 798 1282 869 ratione
1330 798 1467 869 sold
1511 822 1649 871 non
1704 800 1863 872 adeo
1929 797 2202 870 dilucide
2264 805 2328 869 et
2381 801 2712 892 praesertim

615 919 619 929 '
719 905 931 1000 quoad
966 926 1230 988 sensum
1274 926 1412 978 non
1435 908 1593 979 adeo
1632 908 1915 981 affective
1938 908 2158 979 omnia
2193 914 2451 1001 pateant
2472 959 2490 991 ,
2540 931 2712 1000 quare

716 1033 855 1087 non
894 1013 1197 1085 adeamus
1221 1014 1712 1097 revelationem,
1749 1016 1831 1086 ad
1856 1039 2055 1107 quam
2079 1017 2151 1088 in
2183 1014 2552 1106 hujusmodi
2582 1038 2713 1088 casu

717 1120 954 1192 nohis
934 1142 1069 1213 ipsa
1092 1120 1253 1189 ratio
1278 1121 1471 1192 dictat
1507 1123 2008 1216 confugiendum
2035 1145 2208 1204 esse,
2251 1128 2316 1191 et
2347 1146 2495 1214 quae
2522 1122 2714 1193 sensi-

716 1228 943 1298 biliora
969 1234 1352 1331 argumenta
1377 1231 1610 1302 divinae
1638 1256 1792 1325 erga
1820 1254 1940 1302 nos
1966 1232 2262 1301 honitatis
2290 1236 2355 1301 et
2376 1229 2712 1300 misericor·
2773 1221 2777 1228 ’

718 1334 839 1409 diae
867 1331 1134 1407 infinitoe
1165 1338 1584 1428 suppeditat?

1531 1540 1816 1613 CAPUT
1859 1542 1942 1613 11.

1017 1726 1119 1796 ‘De
1156 1723 1652 1793 immutabilitate
1684 1734 1743 1791 et
1780 1719 2244 1815 independentia
2270 1721 2426 1802 Dei-3]

2283 1913 2647 1943 000000

714 2058 854 2101 εοεαε
901 2021 1210 2106 realitatt‘s
1238 2084 1256 2113 ,
1321 2033 1494 2103 unde
1553 2058 1656 2101 ens
1713 2033 2090 2101 ⁴tmm,utal›2‘le
2137 2038 2233 2101 est
2284 2000 2491 2113 illud',
2557 2035 2713 2122 eujus

715 2154 908 2211 status
934 2144 1213 2211 internus
1241 2144 1480 2212 mutari
1507 2143 1772 2212 absoluto
1794 2164 1922 2212 mm
1934 2152 2155 2233 potest.
2184 2140 2395 2225 Quare
2425 2141 2503 2210 sit
2526 2155 2552 2215 t
2647 2159 2655 2164 ’

809 2320 964 2391 126.
1007 2317 1253 2390 PROP.
1286 2316 1340 2389 Ι.
1379 2315 1551 2387 DEus
1579 2339 1686 2389 Esr
1714 2338 2017 2390 Ausonum
2048 2338 2464 2388 muumms.

804 2482 996 2548 Proh.
1048 2481 1114 2548 1⁰
1170 2479 1343 2548 Deus
1398 2485 1496 2547 est
1551 2500 1668 2546 ens
1733 2480 2162 2548 necessarium
2202 2485 2267 2547 et
2308 2504 2350 2546 a
2389 2503 2451 2547 se
2488 2502 2510 2547 ε
2561 2475 2712 2568 atqui

714 2612 830 2676 eus
858 2589 1285 2657 necessarium
1308 2586 1391 2678 (1)
1416 2590 1508 2653 est
1527 2585 1924 2654 immutabile
1945 2615 1962 2667 3
1995 2609 2149 2678 ergo
2171 2585 2346 2659 Deus
2371 2590 2464 2656 est
2488 2586 2709 2656 immu-

715 2697 953 2765 fabilis·

800 2833 870 2903 2·
914 2831 1236 2924 Quidquid
1268 2834 1339 2902 in
1381 2833 1520 2904 Deo
1549 2841 1641 2904 est
1666 2888 1682 2911 .
1729 2842 1822 2905 est
1866 2836 1934 2906 vi
1971 2837 2256 2906 essentiae
2290 2864 2308 2905 z
2359 2838 2536 2928 atqui
2558 2833 2709 2928 quod

714 2947 807 3012 est
849 2942 917 3012 vi
958 2942 1239 3012 essentiae
1265 2996 1283 3022 ‚
1335 2951 1429 3012 est
1470 2944 1868 3015 immutabile
1891 2997 1908 3024 ,
1944 2947 2094 3036 quia
2137 2947 2190 3014 si
2233 2947 2338 3014 vel
2381 2948 2708 3014 minimum

712 3052 969 3121 tollatur
991 3052 994 3055 ’
1015 3054 1098 3121 ab
1148 3055 1416 3123 essentie
1445 3107 1461 3134 ‚
1519 3061 1724 3124 totum
1763 3057 2102 3123 destruitur
2143 3078 2299 3136 ens;
2344 3079 2499 3148 ergo
2543 3053 2708 3146 quid-

714 3160 869 3251 quid
913 3161 983 3232 in
1027 3159 1165 3232 Deo
1209 3168 1343 3244 est,
1397 3164 1680 3255 adeoque
1724 3163 1898 3234 Deus
1941 3168 2036 3233 est
2082 3163 2366 3232 absolute
2412 3166 2707 3233 immuta-

710 3265 881 3338 hilis.

800 3421 869 3491 3.
913 3419 985 3491 Si
1019 3421 1193 3491 Deus
1231 3432 1451 3549 posset·
1486 3427 1758 3505 mutari,
1794 3430 2149 3495 mutaretur
2183 3425 2334 3493 vel
2316 3448 2362 3492 1·
2364 3448 2387 3490 1
2417 3445 2534 3491 ens
2575 3443 2706 3491 me·-

678 3528 879 3607 hus.
930 3529 1037 3599 vel
1084 3530 1155 3598 in
1201 3554 1317 3600 ens
1363 3534 1582 3604 minus
1618 3533 1908 3613 bonum,
1953 3535 2107 3603 vel
2088 3555 2158 3600 m
2190 3532 2430 3621 aequale
2483 3557 2500 3598 ε
2550 3525 2704 3619 atqui

713 3635 933 3729 nequit
956 3640 1244 3709 mutari
1214 3663 1287 3709 m
1313 3664 1417 3710 ens
1453 3642 1710 3722 melius,
1761 3644 1912 3735 quia
1942 3647 2036 3711 est
2076 3639 2568 3733 perfectissimus
2588 3635 2702 3730 (2).-

776 3847 845 3912 (⁴1)
876 3848 1001 3900 Vide
1030 3849 1193 3902 oatol.
1216 3853 1342 3912 part.
1363 3848 1430 3900 Π.
1453 3848 1581 3900 Sect.
1599 3852 1651 3900 2.
1670 3848 1860 3911 Capri).
1882 3849 2002 3912 Peg.
2034 3851 2144 3902 250.

775 3919 845 3981 (2)
877 3920 1002 3971 Vide
1025 3921 1183 3972 Ontol.
1211 3921 1347 3972 Part.
1368 3920 1432 3969 11.
1455 3921 1582 3970 Sect.
1608 3924 1659 3972 2.
1682 3920 1799 3983 Cap.
1824 3925 1852 3970 1
1885 3926 1936 3971 et
1955 3924 2004 3972 2.
2027 3920 2147 3983 Pag.
2163 3921 2255 3968 232
2273 3922 2320 3968 et
2339 3929 2470 3980 seqq.
