2988 4832
640 579 699 660 si
719 573 1208 680 Enimffansfflle
1222 578 1344 657 §aa
1358 574 1549 678 culpa
1570 574 1924 676 expletione
1945 572 2141 676 hujus
2166 573 2459 654 desiderii
2482 579 2672 654 frus-⁸

640 700 914 768 traretur
933 748 950 777 ‚
987 695 1161 766 Deus
1188 693 1440 766 homini
1470 697 1831 763 constanter
1858 697 1921 762 et
1947 692 2397 787 invincibiliter
2423 690 2667 761 illude-

638 811 738 874 ret
759 856 776 885 ‚
817 802 1180 874 instillando
1209 799 1578 873 invincibile
1599 800 1980 871 desiderium
2003 790 2407 872 beatitudinis
2432 850 2449 880 ‚
2488 797 2666 892 quod

579 938 589 959 =
624 928 988 999 ¹nunquam
1022 911 1310 983 exsatiari
1340 914 1548 1004 posset
1572 937 1589 994 3
1617 929 1919 1002 ergo.....‡

727 1098 786 1192 b)
808 1088 1451 1191 Sapimtiae'divinoef
1470 1098 1643 1171 Nam
1673 1097 1848 1171 Deus
1885 1087 2040 1190 qua*
2061 1092 2324 1167 ‘summe‘
2338 1101 2342 1105 ’
2361 1096 2671 1189 sapiens?

624 1234 775 1289 enon
808 1223 1010 1310 potest
1039 1222 1336 1291 naturam
1367 1219 1871 1310 praestantiorem'
1897 1215 2220 1285 deterioris
2243 1215 2449 1283 facere
2485 1232 2670 1284 con-

630 1324 900 1397 ,ditionis
921 1373 939 1401 ,
976 1325 1174 1415 quam
1210 1332 1512 1401 naturam
1544 1325 1761 1393 minus
1787 1328 2235 1414 praestantem3
2282 1344 2433 1390 cum
2477 1344 2671 1393 secus

628 1450 926 1507 ‚excessus
971 1430 1080 1499 ille
1126 1431 1503 1522 praestantiae
1551 1432 1751 1500 finem
1779 1431 2036 1498 nullum
2065 1428 2200 1500 Deo
2234 1430 2505 1521 dignum
2528 1430 2670 1499 ha-

638 1537 846 1618 beret:
881 1541 1089 1631 atqui,
1125 1541 1178 1617 si
1202 1558 1338 1609 non
1352 1540 1537 1609 datur
1563 1541 1759 1608 altera
1780 1539 1907 1606 vita
1934 1589 1950 1616 ,
1987 1538 2185 1607 homo
2210 1538 2670 1628 praestantioris

640 1655 809 1719 certe
840 1655 1082 1718 naturae
1101 1699 1117 1726 ‚
1157 1667 1355 1739 quam
1382 1648 1593 1717 bestiae
1615 1699 1633 1727 ,
1675 1648 1996 1716 deterioris
2020 1651 2237 1715 tamen
2259 1651 2420 1728 esset
2440 1646 2673 1725 condi-

639 1756 849 1836 tionis,
883 1779 1035 1827 cum
1067 1756 1303 1835 bestiae,
1330 1762 1546 1849 utpote
1576 1777 1851 1847 quarum
1884 1756 2191 1847 appetitus
2220 1752 2300 1823 ad
2328 1754 2463 1824 sola
2483 1754 2666 1825 bona

640 1865 960 1936 sensibilia
979 1848 1406 1933 terminantur
1429 1911 1446 1943 ,
1489 1882 1715 1932 eorum
1753 1863 2048 1931 fruitione
2080 1864 2381 1956 satientur
2408 1915 2425 1941 ‚
2456 1863 2659 1932 homo

643 1979 856 2042 autem
883 1970 1403 2063 a'benignissimo
1451 1971 1775 2047 conditore
1820 1972 1890 2039 in
1930 1993 2005 2040 eo
2032 1974 2194 2039 statu
2216 1969 2491 2039 miseriae
2517 1970 2662 2039 col-

644 2083 890 2150 locatus
918 2085 1096 2158 esset,
1128 2084 1202 2148 ut
1225 2100 1478 2170 semper
1510 2083 1788 2170 cuperet,
1820 2098 2070 2168 semper
2095 2082 2406 2170 quaereret
2434 2099 2661 2148 veram

646 2188 1005 2257 felicitatem
1022 2239 1039 2266 ,
1073 2190 1138 2256 et
1163 2207 1310 2256 eam
1331 2206 1654 2278 nusquam
1682 2189 1844 2254 esset
1860 2185 2240 2260 inventurus
2263 2213 2279 2268 3
2314 2172 2584 2276 ergomss

725 2348 812 2420 B.
839 2346 916 2419 Si
934 2350 1104 2416 homo
1133 2348 1541 2416 consideretur
1565 2348 1752 2416 relate
1773 2347 1859 2415 ad
1880 2342 2235 2414 societatem.
2268 2342 2436 2414 Nam
2451 2344 2657 2416 homo

638 2480 680 2525 a
712 2458 946 2527 natura
984 2457 1122 2548 ipsa
1167 2456 1458 2524 rationali
1505 2455 1586 2524 ad
1636 2454 1994 2525 societatem
2036 2454 2405 2546 impellitur.
2458 2450 2655 2523 Unde

638 2566 726 2633 ita
776 2589 793 2633 ε
849 2562 1028 2631 Ratio
1067 2562 1287 2652 nequit
1332 2561 1573 2640 dictare
1631 2560 2110 2638 contradictoria
2146 2586 2163 2629 ε
2199 2560 2374 2651 atqui
2413 2558 2467 2629 si
2512 2582 2653 2632 non

639 2672 826 2738 datur
850 2663 1045 2738 altera
1072 2669 1199 2736 vita
1233 2718 1250 2747 ‚
1282 2668 1442 2737 ratio
1471 2667 1725 2738 homini
1751 2669 1966 2738 sociali
1992 2690 2155 2759 saepe
2186 2668 2445 2737 dictaret
2477 2689 2650 2736 con-

640 2775 1015 2846 tradictoria.
1051 2776 1230 2869 Saepe
1249 2776 1425 2845 enim
1451 2776 1610 2844 ratio
1636 2825 1653 2854 ‚
1687 2798 1766 2845 ex
1791 2775 1927 2845 una
1949 2780 2129 2867 parte
2156 2775 2369 2855 dictat,
2395 2775 2649 2845 bonum

639 2885 957 2974 privatum
992 2882 1163 2953 bono
1201 2883 1455 2976 publico
1486 2884 1998 2975 postponendum
2026 2904 2159 2954 esse
2181 2934 2199 2962 ,
2246 2888 2309 2951 et
2346 2903 2422 2951 ex
2444 2880 2649 2953 altera

637 2999 813 3084 parte
837 3042 854 3071 ‚
913 2996 1161 3084 semper
1206 2992 1529 3084 propriam
1580 2991 1939 3062 felicitatem
1986 3013 2119 3061 esse
2174 2991 2587 3081 quaerendam
2620 3020 2638 3061 ε

639 3099 852 3190 atqui,
889 3100 941 3167 si
965 3120 1098 3169 non
1125 3093 1424 3167 sit'altera
1445 3099 1573 3167 vita
1594 3148 1611 3177 ‚
1643 3097 1891 3166 bonum
1920 3097 2254 3188 publicum
2293 3119 2456 3189 saepe
2484 3120 2652 3191 pro-

637 3204 792 3296 priae
833 3205 1106 3274 felicitati
1138 3205 1476 3296 opponitur
1506 3233 1523 3287 3
1568 3227 1722 3295 ergo
1752 3204 2014 3273 dictaret
2031 3199 2107 3273 ”et
2137 3207 2462 3297 propriam
2498 3206 2653 3276 feli·-

639 3312 911 3393 citatem,
945 3319 1007 3380 et
1033 3312 1224 3381 simul
1254 3312 1361 3391 id,
1389 3310 1563 3402 quod
1592 3311 1744 3379 huic
1773 3311 2247 3380 contradictorie
2284 3313 2644 3403 opponitur,

638 3437 772 3490 esse
801 3419 1171 3487 sectandum
1196 3471 1212 3499 ,
1251 3419 1420 3510 quod
1444 3425 1539 3489 est
1565 3418 1910 3488 absurdum
1937 3447 1954 3500 ;
1991 3440 2282 3510 ergo.....
2332 3418 2416 3487 Et
2443 3442 2600 3489 vero
2624 3473 2642 3501 ‚

637 3532 713 3596 ut
736 3526 931 3596 homo
952 3526 1198 3595 bonum
1229 3527 1548 3620 privatum
1573 3527 1744 3596 bono
1766 3526 2020 3620 publico
2058 3532 2426 3619 postponat,
2465 3528 2656 3597 dehet

641 3632 864 3711 adesse.
881 3639 1193 3705 motivum
1226 3662 1243 3704 ι
1279 3634 1454 3725 atqui
1478 3641 1705 3725 proeter
1731 3636 2025 3704 timorem
2046 3634 2149 3704 vel
2180 3656 2358 3726 spem
2387 3633 2650 3706 alterius

639 3739 784 3810 vitm
811 3743 1065 3813 nullum
1093 3750 1187 3815 est
1215 3743 1529 3812 motivum
1553 3795 1569 3821 ‚
1606 3742 1773 3833 quod
1807 3742 1887 3812 ab
1912 3742 2220 3835 injustitiis
2250 3750 2312 3811 et
2346 3743 2647 3813 omnibus

641 3848 996 3936 sceleribus,
1023 3872 1165 3945 ‹1¹1ae
1187 3853 1513 3945 proprium
1546 3852 1678 3943 ejus
1705 3849 2113 3922 commodum
2139 3860 2200 3924 et
2222 3852 2466 3923 bonum
2495 3876 2650 3945 pro·
