2988 4832
1518 502 1646 571 176

580 643 779 710 mus,
824 632 899 701 C.
945 625 1018 700 Si
1061 632 1325 701 tantum
1346 628 1615 700 obscure
1656 620 2122 720 perciperemus
2155 641 2215 692 et
2249 641 2400 692 cum
2405 569 2630 725 per-³

583 737 894 837 ceptione
908 738 1139 836 objecti
1179 716 1750 815 confunderemus,
1779 737 1870 804 N.
1903 733 2122 827 Itaque
2149 730 2397 802 videtur
2443 729 2586 799 ani-

582 865 727 935 ma,
772 846 1128 939 percipiens
1162 828 1445 937 aliquam
1482 843 2003 945 impressionem,
2049 841 2373 934 percipere
2396 839 2589 908 etiam

583 951 812 1022 debere
860 954 1093 1047 ipsam
1119 954 1670 1024 commotionem.
1713 956 1810 1022 ast
1854 971 2107 1021 necesse
2152 970 2289 1045 non
2330 951 2465 1027 est,
2514 948 2591 1017 ut

583 1052 731 1130 eam
764 1061 1058 1132 distincte
1109 1061 1412 1153 percipiat
1456 1034 1742 1153 adeoque
1780 1057 1952 1128 illius
1994 1058 2246 1128 conscia
2272 1056 2395 1136 sit,
2441 1056 2630 1147 quia

582 1164 901 1238 nimirum
929 1168 1427 1238 commotionem
1463 1189 1618 1236 cum
1618 1165 1793 1269 ipsa
1832 1152 2381 1263 repraesentatione
2422 1187 2592 1235 con-

582 1273 816 1344 fundit.
862 1272 971 1344 Sic
1001 1273 1226 1345 videns
1251 1275 1483 1345 turrim
1508 1274 1768 1366 alonge
1805 1273 1991 1343 video
2022 1278 2188 1342 certe
2217 1277 2281 1339 ct
2316 1270 2585 1361 lapides,

583 1402 737 1475 cum
787 1375 924 1450 sine
967 1380 1282 1474 lapidibus
1326 1381 1521 1449 turris
1552 1402 1686 1450 non
1731 1379 1860 1449 sit.
1904 1385 1999 1448 ast
2022 1378 2262 1470 lapides
2296 1401 2421 1446 non
2447 1379 2591 1445 dis-

532 1524 535 1529 ·
580 1490 766 1557 tincta
817 1489 1034 1569 viden,
1079 1489 1190 1583 sed
1231 1493 1483 1556 tantum
1528 1489 1799 1574 confusos
1845 1506 1983 1555 cum
2030 1487 2245 1564 turri,
2306 1485 2589 1576 adeoque

581 1615 703 1667 nec
734 1609 977 1666 eorum
990 1578 1441 1665 conscientiam
1468 1595 1713 1675 habco;
1745 1595 1831 1662 ita
1860 1593 2119 1685 quidem
2138 1599 2211 1661 ut
2231 1588 2343 1661 etsi
2364 1616 2580 1671 coner,

584 1698 942 1809 quamdiu
924 1727 994 1771 ιιι
1043 1703 1268 1781 eodem
1319 1707 1483 1770 statu
1516 1704 1580 1771 et
1606 1701 1897 1770 distantia
1924 1718 2375 1793 permaneam,
2420 1701 2594 1790 lapi-

600 1824 745 1885 “tim
796 1813 1157 1881 distinctam
1218 1810 1547 1879 notionem
1598 1808 1835 1877 habere
1889 1830 2024 1878 non
2078 1829 2336 1899 queam.
2401 1806 2620 1876 Unde'

581 1911 776 2013 etiam
819 1919 1068 2011 concipi
1107 1923 1350 2010 potest,
1399 1915 1721 2008 quomodo
1770 1916 1987 1986 anima
2026 1917 2099 1984 in
2153 1913 2375 1983 ordine
2412 1937 2453 1982 a
2487 1914 2590 1984 di-

583 2027 738 2095 vina
783 2026 1178 2119 providentia
1209 2029 1437 2094 statuto
1456 2074 1473 2105 ,
1513 2029 1658 2092 utut
1696 2025 1884 2104 velit,
1920 2023 2114 2116 hujus
2144 2026 2588 2094 commotionis

583 2125 920 2204 cerebralis
978 2133 1336 2202 distinctam
1391 2133 2012 2230 repraesentationem
2063 2124 2390 2224 acquirere
2452 2156 2588 2202 non

582 2241 810 2341 possit,
855 2238 1004 2331 quia
1055 2239 1368 2308 nimirum
1413 2237 1589 2308 Deus
1634 2239 1706 2307 in
1735 2260 1812 2309 eo
1842 2245 2005 2309 statu
2032 2241 2320 2310 animam
2357 2241 2593 2310 consti-

518 2336 529 2418 ⁸,
557 2349 742 2428 -tuit,
789 2346 865 2416 ut
926 2368 1042 2440 per
1097 2347 1622 2424 commotionem
1621 2347 1941 2438 percipiat
1985 2347 2230 2439 objecta
2279 2353 2587 2425 externa.

579 2476 716 2525 non
749 2478 904 2526 vero
929 2461 1004 2524 ut
1027 2450 1219 2548 possit
1238 2454 1570 2564 percipere
1591 2446 1881 2524 distincte
1917 2455 2166 2525 etiam
2144 2477 2349 2549 lpsam
2395 2476 2592 2525 eom-

578 2563 956 2634 motionem.
2458 2578 2463 2592 ⁴

664 2742 838 2816 OBJ.
853 2792 856 2796 —
870 2744 944 2829 ⁴5⁰
973 2744 1042 2815 Si
1058 2796 1077 2827 ,
1112 2746 1210 2817 uti
1240 2767 1319 2817 ex
1346 2747 1475 2817 hoc
1513 2676 1848 2837 systemate
1873 2676 2163 2839 sequitur
2178 2799 2199 2829 ,
2248 2748 2469 2818 anima
2520 2722 2617 2819 ins

579 2852 906 2934 sentiendo
948 2855 1182 2952 pendet
1208 2877 1247 2923 a
1275 2876 1537 2945 corpore
1553 2905 1569 2932 ,
1624 2874 1758 2923 non
1805 2856 2211 2947 intelligitur,
2265 2857 2611 2950 quomodo,

439 3031 444 3036 .
579 2966 860 3054 separata
900 2982 941 3029 a
970 2955 1243 3053 “corpo‘re
1291 2961 1523 3030 sentire
1564 2982 1640 3057 ac
1669 2963 1856 3053 proin
1902 2964 2117 3058 vivere
2164 2965 2390 3056 possit3
2433 2985 2590 3056 ergo

581 3067 719 3175 haec
745 3069 1060 3137 sententia
1090 3068 1463 3147 adversatur
1492 3069 1951 3140 immortalitati
1978 3071 2237 3142 anirnae.

603 3274 608 3285 ⁵
666 3247 748 3318 R.
786 3250 878 3318 N.
916 3249 1069 3319 Ant.
1103 3254 1168 3317 et
1200 3249 1380 3320 Com.
1411 3248 1655 3321 Anixna
1680 3251 1953 3321 enimin
1973 3251 2304 3323 sentiendo
2324 3276 2457 3323 non
2482 3253 2595 3323 de·

579 3357 817 3449 pendet
841 3380 882 3425 a
903 3380 1166 3448 corpore
1195 3381 1272 3427 ex
1301 3361 1531 3429 natura
1565 3359 1681 3429 sua
1699 3411 1719 3438 ‚
1766 3359 1947 3450 quasi
1975 3360 2116 3428 sine
2151 3382 2414 3453 corpore
2435 3382 2594 3429 sen·
2619 3401 2626 3404 -

579 3463 781 3533 tiendi
815 3487 891 3533 ex
931 3467 1161 3535 naturai
1195 3468 1313 3537 sua
1349 3469 1428 3537 sit
1464 3470 1732 3561 incapax
1749 3520 1766 3547 ,
1815 3466 1926 3537 sed
1970 3472 2223 3538 tantum
2252 3491 2330 3537 ex
2353 3470 2597 3538 unione

581 3591 738 3639 cum
768 3593 1046 3663 corpore,
1066 3595 1107 3641 a
1142 3572 1279 3645 Deo
1300 3576 1387 3644 ita
1423 3575 1714 3646 stabilita.
1763 3573 1978 3667 Itaque
2001 3577 2143 3645 haec
2168 3576 2593 3669 dependentia

579 3684 843 3747 nonest
867 3681 1102 3751 animae
1144 3683 1396 3753 interna
1416 3736 1434 3762 ‚
1480 3682 1591 3753 scd
1636 3688 1896 3753 externa
1940 3689 2011 3752 et
2043 3684 2425 3775 contingens
2445 3735 2463 3763 ,
2517 3689 2596 3752 ut

560 3781 765 3865 adeo,
806 3786 920 3877 qui
939 3787 1223 3858 annnam
1243 3811 1285 3857 a
1313 3811 1577 3881 corpore
1597 3789 1958 3881 sejunctam
1981 3776 2213 3861 sentire
2246 3813 2384 3861 non
2405 3813 2590 3883 posse

582 3890 789 3970 timet.
823 3893 1043 3994 similis
1072 3896 1151 3977 sit
1186 3898 1277 3979 ei.
1321 3899 1434 3989 qui
1471 3902 1685 3989 putat,
1732 3921 1800 3972 se
1845 3900 1917 3978 in
1956 3906 2175 3981 aperto
2206 3921 2434 3992 campo
2471 3920 2593 3970 so-
