2988 4832
1284 469 1415 540 385
1449 472 1459 484 ⁸

347 604 535 690 Quod
578 607 755 675 enim
801 602 973 675 Deus
1020 605 1191 685 vult,
1242 606 1370 676 hoe
1419 602 1831 676 infallibiliter
1874 604 2162 675 futurum
2206 608 2351 677 estt'

346 713 518 805 atqui
563 711 736 781 Deus
795 710 980 792 vult,
1049 717 1123 780 ut
1169 713 1390 782 omnia
1426 714 1607 803 juxta
1654 733 1839 780 suam
1870 709 2351 849 dispositionem

246 824 259 829 “
344 819 544 903 fiant3
580 843 815 913 ergo...

430 969 510 1038 R.
553 971 645 1039 N.
697 972 852 1039 Ant.
900 969 1006 1038 Ad
1042 971 1230 1062 prob.
1262 972 1349 1039 D.
1381 973 1550 1058 Μαί.
1603 969 1787 1054 Quod
1829 971 2001 1041 Deus
2037 971 2201 1050 vult,
2239 969 2354 1039 inssss·

342 1076 678 1146 l'allibiliter
707 1078 997 1145 futurum
1024 1085 1119 1146 est
1145 1080 1237 1145 vel
1274 1078 1624 1147 necessario
1649 1082 1743 1146 vel
1767 1079 1964 1149 libere
1989 1132 2008 1159 ‚
2058 1080 2130 1148 C.
2182 1080 2349 1166 Mai.

314 1181 608 1276 'Semper
652 1186 1033 1264 necessario,
1069 1188 1159 1255 N.
1192 1187 1358 1272 Maj.
1409 1190 1474 1253 et
1503 1209 1652 1275 par.
1687 1190 1773 1255 D.
1815 1189 1984 1255 Min.
2019 1188 2107 1257 N.
2169 1187 2347 1254 Cous.

340 1289 512 1360 Deus
540 1293 715 1360 enim
755 1293 932 1371 vult,
967 1299 1041 1361 ut
1077 1293 1202 1361 aIIa
1236 1292 1434 1360 libere
1450 1343 1466 1370 ‚
1508 1293 1631 1361 alia
1661 1295 2013 1362 necessario
2059 1295 2355 1363 eveniant

341 1398 409 1468 in
436 1400 708 1469 mundo.
743 1398 990 1490 Nempe
1019 1421 1135 1491 per
1161 1399 1628 1491 providentiam
1658 1402 2023 1491 generalem
2048 1402 2190 1471 vult
2212 1453 2231 1479 ,
2283 1406 2355 1469 ut

337 1509 566 1578 omnia
613 1509 695 1576 ad
732 1508 1003 1598 gloriam
1032 1528 1216 1575 suam
1257 1507 1522 1575 tendant
1551 1532 1568 1576 ε
1608 1514 1702 1576 ast
1729 1509 1800 1575 in
1825 1508 2166 1599 dirigendis
2196 1506 2355 1576 enti-

338 1615 461 1683 bus
488 1616 571 1683 ad
597 1615 776 1683 hunc
805 1616 1006 1683 finem
1034 1615 1402 1706 generalem
1428 1617 1714 1706 sequitur
1738 1623 2036 1685 naturam
2064 1617 2352 1707 dirigen-

337 1723 572 1791 dorum
601 1773 620 1802 ‚
672 1722 955 1812 adeoque
1002 1744 1119 1813 per
1164 1720 1628 1814 providentiam
1679 1723 2014 1813 specialem
2053 1725 2235 1802 vult,
2280 1731 2355 1792 ut

340 1834 516 1900 entia
545 1831 929 1900 irrationalia
956 1830 1039 1898 ad
1066 1831 1266 1898 finem
1292 1829 1560 1898 tendant
1589 1828 1974 1913 necessari03
2017 1851 2169 1900 cum
2203 1854 2353 1901 vero

336 1938 594 2007 entibus
621 1937 1034 2007 rationalibus
1063 1936 1420 2004 libertatem
1446 1938 1823 2006 concesserit
1849 1938 2129 2029 adeoque
2158 1939 2347 2019 velit,

330 2050 410 2114 ut
432 2046 631 2115 finem
654 2047 966 2136 attingant
993 2043 1222 2123 libere,
1261 2042 1619 2113 secundum
1647 2066 1873 2113 eorum
1903 2051 2201 2114 naturam
2224 2045 2352 2113 dis-

334 2156 517 2248 ponit
545 2177 620 2223 ea
649 2157 736 2224 ita
758 2206 775 2234 ,
809 2159 883 2221 ut
912 2153 1373 2243 qualiscunque
1402 2151 1480 2219 sit
1504 2172 1657 2219 usus
1685 2151 2017 2233 libertatis,
2051 2153 2351 2222 ultimum

337 2264 668 2331 creationis
687 2264 920 2346 finem,
946 2267 991 2334 i.
1018 2289 1078 2334 e.
1107 2266 1373 2357 gloriam
1397 2266 2022 2333 suam'extrinsecam
2045 2261 2348 2332 obtineat.

335 2365 554 2440 Verbo
585 2398 602 2440 ε
637 2370 810 2441 Deus
839 2373 1008 2442 entia
1038 2372 1238 2441 libera
1270 2372 1595 2442 voluntate
1627 2371 2053 2441 conditionata
2080 2370 2354 2462 disponit

334 2477 411 2546 ea
427 2480 669 2546 ratione
684 2531 701 2557 ,
729 2485 804 2547 ut
823 2501 941 2571 per
954 2480 1090 2570 ipsa
1109 2502 1360 2571 semper
1382 2481 1583 2561 finem
1608 2480 1939 2547 creationis
1958 2485 2346 2569 assequatur,

338 2608 403 2654 v.
463 2610 530 2676 g.
579 2585 781 2655 Titius
808 2610 916 2655 me
967 2588 1344 2678 glorificabit
1374 2610 1489 2678 per
1539 2609 1724 2654 suam
1755 2585 2210 2654 beatitudinem
2236 2640 2252 2665 ‚
2302 2588 2352 2655 si

336 2692 502 2759 bene
532 2701 746 2763 utatur
797 2694 1082 2763 libertate
1112 2720 1129 2762 z
1177 2701 1242 2763 et
1282 2693 1347 2762 id
1395 2701 1524 2773 est,¹
1559 2693 1731 2784 quod
1778 2695 1917 2764 vult
1965 2693 2139 2763 Deus
2169 2700 2230 2761 et
2271 2695 2353 2763 ad

338 2801 511 2890 quod
540 2802 809 2896 impellit
834 2802 1086 2870 motivis
1111 2801 1440 2891 propositis
1464 2801 1788 2869 voluntate
1818 2801 2225 2871 antecedente
2255 2827 2354 2870 re-

335 2906 462 2976 late
503 2908 585 2977 ad
614 2930 839 2976 omnes
864 2908 1183 2977 homines,
1218 2907 1419 2975 Titius
1445 2928 1553 2975 me
1599 2908 1973 2999 glorificabit
2002 2932 2119 3000 per
2162 2915 2355 2977 aeter-

339 3037 493 3084 nam
523 3037 707 3085 suam
736 3016 1197 3095 infelicitatem,
1232 3016 1284 3083 si
1311 3015 1481 3084 male
1512 3019 1729 3084 utatur
1757 3016 1875 3085 sua
1907 3016 2243 3087 libertate.
2289 3026 2355 3087 et

339 3121 518 3191 hunc
552 3124 822 3193 modum
849 3122 1321 3216 glorificationis
1345 3144 1479 3194 non
1506 3123 1646 3194 vult
1672 3120 1847 3194 Deus
1877 3125 2001 3196 nisi
2031 3124 2356 3195 voluntate

339 3238 791 3324 consequente.

330 3399 339 3410 '
427 3394 596 3465 OBJ.
649 3395 718 3467 3⁰
757 3395 956 3468 Plura
992 3400 1247 3471 fortuito
1289 3402 1598 3474 eveniunt
1639 3403 1709 3473 in
1759 3403 2028 3474 mundo.
2074 3401 2355 3471 Aliunde

326 3491 688 3573 ridiculum
728 3512 820 3575 est
863 3505 1077 3578 Deum
1123 3509 1463 3580 sollicitum
1503 3533 1635 3581 esse
1680 3512 1759 3580 de
1804 3512 2136 3592 minimis,
2185 3497 2356 3579 sicut

338 3611 687 3681 ridiculum
732 3620 938 3694 esset,
989 3618 1041 3685 si
1098 3640 1211 3686 rex
1252 3619 1524 3688 minima
1571 3640 1689 3713 per
1729 3621 2007 3714 seipsum
2056 3623 2350 3700 curaret3

341 3739 520 3809 ergo.
534 3770 579 3790 ..
592 3772 609 3790 .

328 3925 341 3946 ,
427 3852 513 3934 Β.
561 3858 663 3925 Ad
708 3858 826 3929 1¹¹¹*
856 3862 1067 3932 memb.
1103 3862 1192 3933 Ν.
1232 3864 1383 3936 Ant.
1425 3859 1602 3933 Nihil
1633 3862 1811 3935 enim
1838 3864 2051 4033 weg}
2077 3866 2215 3937 sine
2237 3882 2355 3937 ra-

562 3974 608 4026 ιι
