2988 4832
1193 220 1204 261 2

277 599 491 675 Adde
521 624 781 679 sensum
819 496 1233 679 eommunein
1248 496 1428 683 ¹huic
1475 610 1760 705 opinioni
1806 613 2126 690 faventem
2165 616 2227 693 et

239 706 702 783 invincibilem
681 733 753 784 m
777 713 1077 787 omnibus
1098 718 1612 812 propensionem,
1639 720 2023 801 sensationes
2044 745 2225 806 suas.

238 840 297 887 v.
334 842 399 912 g,
399 808 715 891 dolorem
737 826 904 902 etc„
944 823 1324 895 attribuendi
1351 825 1621 897 influxui
1667 828 1946 922 corporis
1983 829 2055 901 in
2077 830 2232 900 ani-

237 946 444 1007 mam,
484 932 550 1001 et
571 927 852 997 vicissim
885 952 951 999 v.
984 954 1052 1023 g.
1084 931 1502 1005 ebullientem
1533 937 1921 1028 sangninem
1956 932 2230 1011 influxui

235 1035 377 1111 irae,
408 1033 675 1127 ideoque
697 1037 931 1108 animae
958 1040 1029 1107 in
1052 1062 1307 1133 corpus.

888 1244 1529 1324 OBJEGTIONES·

307 1475 419 1545 78.
455 1473 623 1545 0131.
658 1475 726 1544 1·
747 1472 898 1544 Non
925 1482 1126 1569 potest
1144 1477 1394 1568 concipi
1417 1530 1435 1555 ‚
1473 1478 1802 1571 quomodo
1832 1479 2052 1549 anima
2082 1484 2230 1572 agat

228 1582 290 1652 in
315 1605 546 1677 corpus
569 1613 586 1664 ς
619 1604 774 1675 ergo
798 1582 909 1653 ille
933 1583 1215 1653 influxus
1241 1586 1432 1653 asseri
1468 1588 1712 1676 nequit.

300 1726 379 1798 R.
423 1729 532 1798 Tr.
559 1728 665 1799 vel
693 1728 767 1797 C.
801 1726 954 1798 Ant.
992 1730 1080 1799 Ν.
1114 1730 1292 1797 cons.
1330 1727 1683 1822 Nunquam
1711 1731 1889 1801 enim
1932 1732 2229 1825 impossi-

226 1831 427 1906 bilitas
453 1833 853 1926 concipiendi
876 1885 894 1913 ,
922 1836 1245 1927 quomodo
1283 1858 1386 1906 res
1416 1836 1712 1928 quaedam
1741 1838 1848 1918 sit,
1875 1843 2075 1931 potest
2092 1861 2231 1913 esse

225 1945 367 2017 ratio
379 1940 959 2039 negandi-eJusdem
978 1942 1371 2015 existentiam
1385 1943 1643 2015 aliunde
1667 1945 2051 2015 sufficienter
2065 1941 2243 2041 pro-ss'

224 2049 453 2124 batam.
511 2051 692 2125 Certe
733 2073 942 2145 neque
985 2052 1380 2145 concipimus
1400 2106 1419 2134 ,
1461 2054 1783 2146 quomodo
1820 2055 2038 2123 anima
2070 2075 2224 2122 suas

223 2161 540 2232 volitiones
562 2157 913 2252 producat,
959 2166 1023 2230 et
1062 2167 1282 2233 tamen
1324 2162 1447 2233 nisi
1492 2185 1771 2232 omnem
1809 2161 2167 2232 libertatem
2200 2213 2220 2240 .

221 2270 487 2340 ethicam
505 2274 690 2360 atque
712 2266 871 2359 adeo
881 2260 1260 2359 religionem
1277 2267 1648 2337 subversam
1666 2268 1961 2348 veIimm,
1988 2289 2234 2360 negare

220 2390 339 2448 non
350 2398 696 2472 possumus
718 2429 735 2457 ,
763 2396 911 2445 eam
929 2378 1082 2446 vene
1103 2396 1364 2445 suarum
1385 2375 1765 2447 volitionum
1787 2395 1921 2443 esse
1945 2374 2224 2467 produc-

219 2488 457 2557 tricem.
489 2486 805 2557 Caeterum
827 2484 970 2553 haec
981 2482 1319 2554 difficultas
1340 2483 1412 2552 in
1426 2482 1623 2575 ipsius
1641 2486 1970 2551 auctorem
1996 2479 2224 2551 Malle-

221 2588 592 2662 branchium
611 2598 742 2663 toto
753 2593 1036 2687 pondere
1056 2591 1313 2674 recidit,
1295 2621 1312 2638 -
1337 2590 1654 2683 siquidem
1670 2590 1979 2668 admittat,
2004 2586 2222 2656 Deum

218 2707 391 2790 'agere
408 2703 486 2771 in
514 2723 837 2794 corpora.
877 2702 1056 2794 atqui
1083 2723 1219 2771 non
1246 2702 1453 2793 magis
1479 2700 1860 2792 concipitur,
1894 2695 2221 2789 quomodo
2342 2755 2357 2765 ,

220 2805 412 2890 Deus,
440 2831 640 2900 quam
666 2809 988 2901 quomodo
1023 2811 1240 2883 anima
1275 2815 1422 2900 agat
1459 2810 1533 2877 in
1580 2827 1870 2898 corpora
1928 2803 2105 2896 Ergo
2141 2824 2222 2871 ex

218 2915 699 3011 lmmfflssltate
751 2916 1153 3010 concipiendi
1196 2917 1468 2992 modum
1504 2916 1743 3010 binus
1742 2912 2008 3010 actionis
2057 2913 2219 3010 aetio

218 3042 338 3110 ¹1¹⁵⁸
356 3022 658 3119 neganda
683 3044 821 3097 non
849 3029 973 3098 est.

283 3167 466 3239 om.
486 3169 978 3242 &Animamn
1004 3114 2219 3264 cognoscitoorporismechanisnmm·
2237 3185 2254 3263 ζ

213 3291 355 3366 ergo
375 3297 459 3346 οο
480 3278 802 3350 mediante
825 3280 1049 3371 nequit
1073 3301 1336 3353 movere
1366 3300 1625 3370 corpus,

221 3417 374 3490 R
415 3420 489 3491 C.
515 3424 667 3493 Am.
698 3424 790 3497 Ν.
825 3424 1003 3492 Com.
1057 3422 1329 3518 Pulsans
1364 3443 1685 3516 organum
1730 3423 2060 3517 propterea
2104 3417 2247 3495 in-:

211 3529 458 3599 ternam
475 3529 702 3622 organi
726 3536 1114 3604 structuram
1141 3553 1523 3628 cognoscere
1554 3552 1690 3599 non
1713 3527 1899 3598 debet
1925 3553 1942 3607 ;
1976 3545 2129 3614 ergo
2155 3497 2241 3640 et}

209 3636 423 3707 anima
448 3640 674 3731 poterit
703 3661 965 3714 movere
1005 3661 1236 3734 corpus
1256 3691 1275 3723 ,
1318 3640 1479 3731 quin
1523 3640 1660 3732 ejus
1700 3635 2240 3717 mechanismum4
2374 3723 2382 3731 .

208 3753 571 3837 cognoseat.

216 3969 224 3978 .
289 3864 561 3966 Fut-*1⁶
587 3885 824 3971 Saltem
852 3867 1116 3965 anima.
1165 3899 1237 3964 ut
1263 3890 1582 3987 organista
1621 3909 1776 3985 quas
1805 3885 2033 3988 pinnas
2060 3894 2217 3974 tan--³
2272 3865 2275 3868 ’
