2988 4832
1653 485 1699 554 8

632 599 811 777 {fles
840 606 901 669 et
930 599 1015 672 3·
1061 599 1562 698 cognoscibilem
1605 484 1767 693 {aas
1799 599 2060 676 totidem
2101 596 2413 697 <capitibus
2463 603 2668 696 expo-3,

636 725 645 735 ·
692 718 919 781 iemus.
1037 720 1047 729 ·

1311 939 1595 1011 CAPUT
1628 937 1994 1012 PRIMUM.

876 1174 879 1177 ,
956 1118 1048 1188 De
1076 1120 1403 1188 existentia
1441 1133 1500 1188 et
1528 1090 1784 1190 essentia
1826 1094 2025 1208 tequm
2082 1127 2353 1208 naturaess

682 1441 686 1446 ³
730 1345 852 1415 27:
908 1338 1042 1412 Etsi
1072 1350 1303 1436 praeter
1340 1344 1650 1416 idealistas
1672 1397 1689 1425 ,
1748 1366 1908 1437 quos
1951 1345 2022 1413 in
2064 1343 2312 1414 criterio
2356 1362 2664 1418 sensuum

640 1448 1050 1524 externorum
1071 1453 1483 1522 refutavimus
1497 1506 1514 1533 ‚
1542 1454 1647 1524 vix
1668 1455 1824 1532 sint,
1854 1452 1965 1545 qui
1988 1452 2066 1522 de
2087 1452 2416 1541 existentia
2439 1454 2662 1546 legum

641 1570 889 1631 naturae
910 1583 1045 1631 non
1068 1561 1484 1640 conveniant,
1514 1568 1733 1630 tamen
1767 1560 2028 1651 majoris
2048 1559 2344 1629 claritatis
2370 1582 2561 1629 causa
2584 1563 2664 1633 sit

637 1691 916 1759 ‚sequens
945 1695 962 1740 ε

624 1869 628 1873 «
730 1823 866 1925 28.δ
905 1820 1150 1895 PROP.
1204 1820 1259 1890 1.
1308 1820 1618 1890 Exmmzr
1648 1843 1710 1889 m
1762 1842 1968 1890 nunno
1997 1841 2183 1891 mens
2225 1844 2496 1893 rursmze
2536 1846 2650 1894 NA-

493 1996 499 2001 .
635 1950 850 2000 Qum.

623 2083 633 2092 '
728 2085 921 2153 Proh.
967 2076 1033 2152 1⁰
1060 2082 1266 2152 Datur
1289 2086 1445 2152 teste
1479 2082 1866 2174 experientia
1893 2082 2154 2151 externa
2179 2080 2337 2153 ordo
2361 2089 2653 2159 naturae:

626 2182 817 2279 ‘atqui
847 2188 1002 2259 ordo
1033 2195 1279 2258 naturae
1309 2191 1605 2281 supponit
1633 2190 1989 2259 necessario
2027 2191 2202 2281 leges
2226 2198 2470 2261 naturae
2489 2245 2507 2271 ‚
2544 2214 2659 2263 seu

643 2296 917 2364 rationes
953 2296 1257 2385 quasdam
1303 2297 1682 2364 sufficientes
1707 2347 1725 2374 ‚
1761 2296 1848 2364 ob
1883 2318 2042 2387 quas
2087 2318 2190 2365 res
2233 2299 2536 2371 ordinatae
2566 2300 2657 2368 sic
2731 2314 2744 2327 ‘

620 2402 749 2470 ‚vel
770 2402 887 2470 sibi
906 2403 1184 2473 invicem
1204 2404 1548 2474 succedant
1567 2403 1673 2472 vel
1694 2402 1889 2473 simul
1912 2405 2255 2475 coexistant
2276 2431 2293 2485 ς
2325 2427 2479 2495 ergo
2499 2403 2655 2475 exis-

632 2514 788 2586 stunt
815 2510 987 2599 leges
1015 2510 1314 2601 physicae.
1863 2513 1872 2518 ’

622 2677 630 2686 ·
732 2654 925 2721 Proh.
962 2654 1130 2739 Μαί.
1172 2650 1342 2720 Nam
1381 2652 1616 2722 dantur
1657 2658 2013 2723 constantes
2045 2653 2301 2725 dierum
2330 2655 2654 2727 noctium·-
2755 2689 2760 2692 ·

620 2778 769 2850 ‘que
795 2757 1252 2827 vicissitudines
1271 2809 1288 2837 ,
1341 2759 1666 2829 variarum
1714 2765 2158 2852 tempestatum
2201 2763 2360 2831 anni
2390 2783 2653 2842 succes-

640 2866 850 2935 siones
868 2919 885 2944 ‚
920 2865 1346 2936 immutabiles
1370 2868 1452 2935 ab
1485 2869 1667 2937 omni
1702 2889 1838 2937 aevo
1868 2867 2015 2938 solis
2042 2874 2484 2960 astrorumque
2514 2892 2653 2939 mo-

641 2978 746 3041 tus
785 2972 1132 3064 eademque
1158 2974 1287 3042 suis
1315 2975 1707 3066 temporibus
1737 2974 2026 3044 distantia
2047 3028 2065 3054 ‚
2114 2976 2240 3043 fixa
2265 2977 2336 3043 in
2372 2996 2651 3066 genera-

641 3080 810 3149 tione
828 3082 1203 3150 animalium
1222 3083 1714 3172 plantarumque
1728 3084 1886 3151 ratio
1902 3088 1966 3151 et
1979 3087 2283 3172 perpetua
2299 3082 2649 3152 earundem

640 3191 712 3256 in
759 3188 1127 3279 corporibus
1155 3190 1611 3280 proprietatum
1644 3190 1992 3257 constantia
2011 3239 2028 3266 ‚
2069 3193 2133 3255 et
2159 3189 2382 3267 iisdem
2414 3191 2485 3259 in
2521 3190 2650 3259 cir-

638 3296 1032 3365 cumstantiis
1061 3297 1388 3367 causalitas
1415 3304 1537 3366 etc.
1566 3324 1585 3378 3
1619 3318 1772 3388 ergo
1802 3296 1987 3366 datur
2016 3295 2172 3390 ordo
2199 3304 2466 3367 naturae.

728 3444 800 3512 2·
844 3442 913 3512 Si
953 3444 1151 3514 nullae
1200 3452 1483 3514 extarent
1525 3449 1769 3514 naturae
1810 3444 1986 3534 leges
2003 3492 2026 3524 ‚
2070 3430 2253 3513 nulla
2284 3465 2416 3512 esse
2442 3450 2650 3535 posset

626 3550 715 3619 ·in
747 3550 1116 3621 hominibus
1161 3552 1555 3643 providentia
1576 3600 1595 3630 ‚
1651 3550 1910 3620 nullum
1941 3551 2276 3620 consilium
2299 3601 2323 3630 ,
2372 3551 2650 3621 scientiae

643 3657 840 3728 nulloe
860 3711 877 3738 ,
918 3681 1040 3728 nec
1067 3664 1231 3728 artes
1252 3711 1269 3738 ‚
1308 3681 1428 3727 nec
1457 3659 1593 3727 ulla
1624 3666 1794 3728 certa
1812 3657 2208 3727 instituenda}
2230 3658 2374 3727 vitae
2400 3663 2513 3727 aut
2538 3681 2649 3727 cu-

640 3759 992 3837 randorum
1025 3788 1366 3858 corporum
1414 3766 1574 3836 ratio
1619 3772 1743 3836 ctc.
1778 3766 1806 3837 ε’
1841 3765 2016 3855 atqui
2043 3766 2169 3834 hoc
2214 3765 2336 3842 dici
2376 3767 2595 3856 nequit
2621 3818 2637 3842 ‚

626 3873 793 3964 ¹quia
827 3874 890 3942 1⁰
918 3880 1233 3964 repugnat
1247 3963 1261 3971 β
1275 3872 1672 3963 experientiae
1715 3872 1983 3963 propri-:e
2009 3876 2073 3942 et
2108 3863 2332 3942 alienae
2353 3923 2373 3951 ,
2407 3877 2471 3941 et
2497 3872 2646 3963 quia
