2988 4832
1463 435 1542 509 21

494 559 799 652 efficeret,
849 570 1052 629 tamen
1085 557 1324 646 aliquid
1346 557 1469 624 sibi
1486 557 1683 631 dicere
1709 555 1952 623 videtur
1967 600 1985 634 ‚
2013 574 2198 645 quam
2218 555 2291 625 id
2315 556 2504 639 dieat.

492 669 653 755 quod
673 659 951 739 omnium
987 675 1205 736 mutes
1231 676 1629 755 aspernentur
1675 685 1751 730 ac
1777 673 2087 752 respuant.
2108 686 2146 727 π

580 831 678 901 Ex
716 832 816 902 his
845 829 1147 902 omnibus
1175 834 1379 921 patet,
1438 833 1531 896 tot
1578 824 1990 895 absurditates
2019 823 2090 892 in
2138 816 2264 893 hoc
2295 828 2504 915 ‚syste-

492 945 666 1009 mate
696 931 992 1016 inveniri,
1021 942 1176 1029 quot
1196 943 1346 1005 sunt
1366 935 1816 1027 propositiones
1842 931 2003 1001 illud
2021 937 2495 1037 componentes.

486 1047 667 1137 Ergo
701 1068 779 1115 ex
807 1046 1063 1116 fortuito
1111 1064 1427 1116 concursu
1472 1047 1837 1112 atomorum
1868 1038 2167 1133 „mundus
2193 1040 2307 1109 iste
2340 1038 2492 1108 oriri

491 1168 831 1247 nunquam
858 1153 1093 1246 potuit.·

580 1313 690 1386 14.
745 1313 917 1387 OBJ.
975 1316 1041 1388 A
1077 1319 1206 1392 tota
1245 1320 1590 1393 aeternitate
1626 1318 1894 1389 infinitae
1938 1318 2200 1389 fuerunt
2245 1328 2502 1391 atomo-

485 1431 641 1494 rum
676 1425 1176 1498 combinationes
1212 1449 1231 1496 ε
1263 1429 1438 1518 atqui
1462 1429 1535 1496 in
1566 1427 1830 1496 infinitis
1865 1432 2227 1497 atomorum
2256 1418 2502 1498 combi-

485 1534 855 1606 nationibus
894 1536 1245 1607 necessario
1275 1536 1637 1623 continetur
1680 1536 1872 1605 etiam
1925 1557 2001 1605 ea
2020 1587 2039 1615 ,
2081 1537 2211 1626 qua
2259 1543 2505 1608 constat

484 1640 596 1711 hic
627 1647 841 1713 noster
868 1645 1189 1724 mundus;
1249 1665 1406 1735 ergo
1449 1643 1558 1713 hic
1600 1643 1884 1712 mundus
1928 1664 2009 1711 ex
2052 1643 2307 1713 fortuito
2341 1667 2501 1714 con-

485 1769 681 1818 cursu
702 1756 1064 1820 atomorum
1093 1751 1244 1819 oriri
1269 1750 1494 1842 potuit.
1549 1748 1632 1818 Et
1660 1772 1812 1819 vero
1834 1802 1851 1829 ‚
1904 1750 1957 1819 si
1981 1749 2204 1820 litterae
2230 1774 2502 1821 numero

485 1856 756 1927 infinitae
788 1856 1054 1926 infinitis
1091 1857 1335 1927 vicibus
1362 1858 1436 1926 in
1475 1855 1763 1925 tabulam
1797 1858 2254 1948 proJicerentur
2271 1910 2290 1938 ,
2332 1867 2499 1927 certe

484 1962 826 2056 aliquando
863 1965 1056 2033 etiam
1083 1964 1334 2055 Virgilii
1377 1962 1621 2032 AEneis·
1648 1962 1961 2055 prodiret,
2015 1986 2168 2033 cum
2196 1963 2336 2034 haec
2367 1989 2500 2036 non

485 2072 567 2140 sit
593 2066 715 2142 nisi
735 2093 869 2142 una
890 2093 968 2140 ex
999 2072 1265 2140 infinitis
1292 2069 1869 2142 combinationibus
1894 2070 2275 2141 litterarum.

566 2229 660 2303 R.
693 2235 784 2305 N.
816 2235 985 2322 Maj.
1028 2232 1197 2302 Nam
1216 2234 1358 2303 haec
1395 2232 1602 2323 Major
1623 2233 1922 2324 supponit
1949 2233 2169 2302 omnia
2187 2245 2213 2314 ,'
2244 2255 2389 2324 quae
2428 2236 2499 2305 in

485 2341 650 2410 thesi
672 2343 812 2433 jam
839 2343 1108 2412 refutata
1136 2346 1286 2410 sunt
1310 2393 1329 2422 ,
1391 2361 1626 2433 nempe
1674 2346 1916 2410 atomos
1963 2362 2096 2409 esse
2147 2346 2213 2411 et
2256 2342 2498 2410 moveri

481 2475 526 2516 a
554 2474 615 2518 se
637 2502 656 2530 ,
688 2448 924 2520 habere
946 2451 1152 2520 varias
1182 2450 1442 2541 figuras,
1469 2450 1815 2524 clinamine
1842 2449 2057 2540 aliquo
2075 2445 2152 2518 ¹in
2182 2472 2248 2519 se
2273 2456 2497 2519 mutuo

479 2559 812 2629 incurrere
841 2564 906 2626 et
933 2558 1251 2627 cohaerere
1285 2579 1464 2650 posse
1493 2563 1559 2627 et
1589 2556 1956 2648 hujusmodi
1996 2557 2144 2626 alia.
2195 2555 2363 2627 Dein
2404 2560 2491 2628 N.

479 2669 653 2740 Min.
711 2667 1011 2736 concessa
1060 2668 1253 2735 etiam
1307 2664 1570 2756 Majore.
1629 2664 1799 2734 Nam
1855 2665 2196 2755 supponit,
2253 2667 2495 2757 priores

480 2780 846 2857 atomorum
867 2774 1366 2845 combinationes
1389 2773 1779 2844 inordinatas
1797 2772 1978 2841 brevi
2004 2778 2287 2864 tempore
2318 2773 2493 2841 solu-

482 2887 578 2950 tas
604 2903 682 2949 ac
709 2867 1055 2950 destructas
1080 2882 1268 2950 fuisse
1293 2932 1312 2961 ,
1366 2881 1540 2950 hanc
1568 2886 1784 2949 autern
1817 2900 2021 2947 unam
2049 2879 2241 2969 hujus
2269 2880 2495 2947 mundi

481 2986 1023 3074 combinationem
1046 2989 1364 3078 integram
1393 3010 1431 3056 a
1459 2986 1680 3055 multis
1720 2985 1945 3076 seculis
1975 2986 2279 3053 mansisse
2303 3037 2322 3065 ‚
2376 3006 2493 3075 pe-

478 3094 666 3165 rinde
692 3116 770 3165 ac
808 3095 863 3165 si
886 3098 1082 3164 atomi
1120 3101 1337 3165 mente
1374 3095 1653 3187 praeditae
1696 3115 1841 3162 eam
1873 3095 2064 3162 unice
2092 3116 2132 3161 a
2153 3094 2283 3162 tota
2311 3099 2497 3161 aeter-

480 3202 675 3271 nitate
692 3207 1070 3293 spectassent
1086 3231 1106 3285 3
1132 3204 1261 3293 qua
1278 3202 1544 3274 demum
1558 3203 1827 3290 'inventa
1845 3208 1908 3271 et
1919 3193 2274 3294 'composita
2291 3200 2497 3290 quies-

483 3332 628 3378 cere
659 3299 1004 3401 potuissent
1026 3362 1045 3390 ,
1096 3316 1207 3380 aut
1223 3310 1446 3380 saltem
1466 3312 1639 3379 certa
1655 3308 1933 3401 quadam
1950 3310 2093 3401 lege
2120 3308 2363 3378 moveri
2380 3307 2496 3377 de·-

478 3415 765 3484 buissent
780 3469 796 3496 ,
827 3439 912 3485 ne
929 3418 1090 3486 forte
1109 3418 1328 3488 omnia
1347 3419 1417 3486 in
1442 3420 1782 3513 antiquum
1814 3416 2006 3486 chaos
2031 3414 2489 3487 relaberentur.

480 3522 681 3613 Atqui
706 3513 846 3616 haec
871 3526 1088 3593 omnia
1128 3526 1265 3595 sine
1303 3525 1440 3595 ulla
1475 3528 1719 3596 ratione
1747 3526 2088 3617 finguntur
2112 3574 2133 3604 .
2173 3523 2495 3613 quemad-

482 3630 754 3726 modum
781 3632 916 3701 sine
941 3632 1075 3700 ulla
1097 3634 1337 3702 ratione
1358 3639 1422 3701 et
1443 3632 1714 3703 absurde
1732 3633 2080 3724 fingeretur
2108 3682 2128 3712 ,
2154 3631 2389 3701 litteras
2419 3651 2496 3701 ex

481 3738 757 3807 essentia
780 3740 895 3807 sua
923 3744 1127 3808 motas
1153 3740 1399 3811 tamdiu
1424 3742 1923 3811 combinationes
1953 3739 2289 3809 instituisse
2315 3792 2332 3819 ‚
2376 3739 2493 3807 do-

483 3863 617 3960 nce*
632 3845 1006 3931 formassent
1027 3846 1407 3952 AEssssidemv
1444 3857 1584 3929 tum
1625 3855 1839 3932 autem
1874 3854 2125 3926 motum
2147 3847 2491 3923 inhibuisse
