2988 4832
1616 492 1747 562 120

677 630 875 718 ‘quam
910 620 1438 716 objecta‘externa
1467 621 1884 715 imprimunt,
1925 625 1987 688 et
2015 613 2328 688 reactione
2357 613 2679 689 subtilissi-

539 736 544 748 ’“
621 828 626 829 ⁷
675 755 935 802 marum
973 733 1252 825 partium
1280 729 1594 822 corporis,
1631 727 1727 795 uti
1754 749 1821 795 v.
1854 748 1921 816 g.
1952 726 2155 818 cordis
2183 726 2290 819 (1).

679 974 686 979 ¹
768 877 853 948 Hi
900 900 1123 948 omnes
1171 875 1506 947 communi
1553 871 1816 942 nomine
1855 876 2163 942 vocantur
2213 873 2628 939 materialistae
2648 920 2676 951 ,

681 989 831 1078 quia
878 985 1089 1056 nullas
1131 985 1202 1055 in
1234 986 1361 1054 hoc
1408 982 1656 1053 mundo
1678 1035 1696 1063 ‚
1755 980 1878 1050 nisi
1924 979 2275 1049 materiales
2307 968 2680 1046 substantias

682 1095 1058 1175 admittunt,
1102 1101 1175 1162 ut
1206 1094 1292 1161 ita
1342 1093 1534 1161 etiam
1562 1091 1848 1160 animam
1876 1087 2230 1159 humanam
2261 1106 2626 1178 corpoream
2651 1135 2674 1163 ‚

671 1202 750 1286 „in
784 1208 988 1292 partes
1030 1199 1460 1273 dissolubilem
1498 1203 1684 1288 atque
1723 1194 1878 1265 adeo
1908 1214 2060 1262 cum
2088 1213 2349 1282 corpore
2377 1192 2682 1258 interitu-

680 1331 821 1378 ram
867 1333 1000 1379 esse
1032 1308 1439 1380 concludant.
1476 1305 1645 1375 Hinc
1672 1302 2087 1372 materialistae
2113 1351 2132 1380 ,
2179 1299 2274 1367 uti
2315 1319 2434 1368 nos
2456 1348 2474 1376 ‚
2510 1297 2681 1368 defi-

671 1416 871 1513 iniunt

669 1616 678 1623 ,
770 1547 1110 1620 Mla-nunu
1137 1551 1542 1619 substantiam
1577 1550 1962 1638 compositam
1989 1556 2045 1612 et
2065 1539 2359 1620 inertem}

671 1724 684 1734 ·
769 1683 1066 1751 Srnuruu
1093 1703 1246 1751 vero
1269 1682 1672 1748 substantiam
1699 1679 1777 1744 ab
1809 1678 2134 1743 intrinseco
2160 1675 2423 1740 activam
2455 1670 2686 1739 intelli-

682 1792 865 1879 '9endi
903 1815 977 1857 ac
1014 1790 1253 1856 volendi
1282 1789 1572 1875 facultate
1592 1786 1920 1874 praeditam
1949 1780 2057 1872 (2).
2087 1777 2274 1847 Unde
2304 1777 2394 1845 sic
2421 1800 2441 1844 z

673 1938 680 1949 '
772 1923 881 1990 57.
931 1920 1169 1988 Anima
1204 1921 1491 1987 humana
1537 1921 1630 1983 est
1674 1913 1873 1981 libera
1917 1911 1998 1979 ab
2044 1911 2239 1980 omni-
2258 1908 2622 1978 necessitate
2656 1932 2683 1977 ε

674 2028 861 2115 atqui
907 2027 1047 2094 talis
1073 2025 1329 2093 libertas
1362 2022 1612 2113 concipi
1640 2020 1898 2109 nequit,
1940 2018 2061 2085 nisi
2088 2008 2536 2084 insubstantia
2562 2034 2690 2082 ac-

672 2135 819 2204 tiva·
841 2133 1232 2224 intelligendi
1261 2154 1337 2201 ac
1367 2128 1625 2203 volendi
1662 2126 1952 2196 facultate
1991 2122 2250 2215 praedita
2282 2122 2412 2211 (uti
2437 2143 2514 2193 ex
2557 2119 2685 2187 Ca-

679 2242 813 2333 pite
834 2235 1206 2332 proe‘cedenti
1227 2238 1431 2330 patet)
1457 2264 1474 2318 ς
1508 2257 1660 2327 ergo
1681 2236 1895 2303 anima
1914 2233 2201 2298 humana
2221 2233 2315 2296 est
2338 2226 2687 2294 substantia

675 2348 1083 2440 'intelligendi
1112 2370 1186 2416 ac
1215 2345 1470 2416 volendi
1500 2343 1792 2412 facultate
1818 2338 2078 2432 praedita
2109 2363 2126 2403 ε
2160 2333 2336 2424 atqui
2372 2330 2543 2424 quod
2565 2331 2687 2397 in-

675 2457 910 2547 telligit
936 2479 1011 2523 ac
1038 2455 1215 2533 vult,
1264 2460 1355 2523 est
1375 2451 1781 2521 essentialiter
1806 2442 2219 2520 immateriale
2247 2462 2360 2509 seu
2382 2438 2682 2528 simplex;

677 2582 840 2653 ergo
866 2561 1083 2629 anima
1106 2560 1393 2628 humana
1430 2565 1523 2627 est
1553 2556 1897 2626 substantia
1926 2547 2328 2620 essentialiter
2375 2546 2687 2614 immate—

683 2668 881 2741 rialis·
904 2666 1122 2758 Itaque
1151 2665 1275 2735 duo
1296 2666 1402 2736 hic
1419 2662 1786 2758 probanda:
1821 2661 1853 2731 1
1876 2659 1899 2752 )
1928 2658 2212 2729 animam
2231 2674 2364 2738 esse
2385 2650 2686 2723 substan-

678 2911 686 2930 ¹
752 2896 819 2963 (1)
855 2897 998 2956 Quod
1036 2897 1079 2947 si
1113 2898 1281 2948 lubeat
1308 2896 1625 2960 introspicere
1655 2890 2002 2955 Ephemerides
2030 2886 2235 2940 Lutetiae
2268 2882 2566 2936 Parisiorum
2600 2878 2685 2930 edi

681 2973 862 3029 emptas
882 2982 1013 3019 anno
1036 2971 1175 3019 1837.
1200 2968 1449 3018 «Journal
1463 2968 1552 3017 des
1574 2965 1897 3031 applicatione
1916 2962 1979 3012 de
2011 2961 2060 3011 la
2076 2957 2387 3025 physioloqie
2413 2950 2630 3003 animale
2646 2951 2687 3001 ,ὰ

685 3040 742 3089 ‘Ia
774 3039 1082 3104 physioloqie
1112 3038 1325 3101 sociale,
1350 3052 1449 3103 par
1476 3036 1816 3087 l’observation
1841 3034 2046 3084 exacte»
2080 3029 2305 3093 invenies
2327 3026 2501 3076 uostris
2533 3022 2688 3075 etiam

683 3111 989 3172 temporibus
1015 3110 1349 3159 materialismi
1382 3122 1485 3158 non
1525 3109 1686 3158 solum
1716 3104 2012 3155 consectaria
2045 3101 2164 3152 hinc
2191 3100 2306 3150 iude
2344 3094 2578 3159 proponi,
2598 3093 2690 3143 sed

679 3181 1096 3230 ⁴materialismum
1116 3180 1280 3236 stricte
1312 3180 1500 3235 dictum
1519 3176 1822 3241 systematice
1846 3172 2065 3223 tractari.
2086 3171 2215 3219 Nam
2246 3172 2298 3218 et
2335 3164 2687 3216 intellectuales

621 3307 622 3310 ,
688 3252 867 3301 mentis
889 3252 1141 3301 facultates
1171 3263 1369 3314 omues,
1401 3250 1503 3299 imo
1526 3249 1676 3298 etiam
1697 3247 1906 3297 morales
1941 3246 1992 3292 et
2021 3242 2220 3290 sociales
2251 3238 2463 3289 hominis
2486 3235 2685 3285 institu-

676 3323 850 3371 :tiones
871 3322 927 3372 in
956 3320 1160 3373 diversis
1181 3320 1369 3371 cerebri
1390 3320 1608 3383 partibus
1629 3311 1971 3375 constituunt‚'
1991 3313 2196 3374 illasque
2221 3321 2392 3359 omnes
2431 3307 2491 3356 ad
2514 3303 2686 3353 activi·

685 3394 842 3443 tatem
862 3392 1074 3453 cerebri,
1096 3404 1205 3454 quae
1222 3394 1485 3442 effectuum
1507 3394 1558 3440 et
1583 3386 1910 3439 materialium
1928 3386 1978 3433 et
1989 3380 2386 3431 immaterialium
2405 3374 2689 3439 productrix

681 3464 751 3514 sit
763 3499 781 3527 ,
814 3466 1046 3513 revocant
1069 3464 1289 3513 auctores
1313 3463 1511 3512 illarum
1540 3457 1924 3521 Ephemeridum
1939 3488 1957 3516 ‚
1991 3465 2205 3515 quorum
2242 3447 2477 3513 praecipui
2506 3459 2687 3495 nume-

677 3536 866 3586 rantur
883 3533 1026 3583 Place
1039 3568 1055 3596 ,
1074 3532 1319 3597 Berigny‚
1339 3532 1567 3593 Floreus,
1589 3534 1796 3590 uterque
1813 3524 2093 3592 Broussais,
2112 3525 2252 3604 pater
2269 3524 2320 3571 et
2337 3520 2468 3570 filius
2485 3517 2686 3580 aliique.

749 3628 821 3693 (ἰ)
853 3628 995 3687 Quod
1032 3630 1073 3679 si
1105 3631 1215 3692 quis
1241 3631 1371 3679 hanc
1404 3626 1604 3690 spiritus
1641 3623 1976 3674 definitionem
2012 3635 2042 3670 a
2069 3619 2224 3682 priori
2254 3617 2432 3668 animae
2455 3617 2690 3668 humana

689 3698 924 3760 applicari
947 3701 1113 3766 nollet,
1141 3702 1365 3750 admittet
1392 3703 1581 3757 tamen,
1613 3695 1830 3745 animam
1851 3706 1953 3743 esse
1974 3693 2025 3742 id
2053 3692 2106 3740 in
2127 3689 2265 3739 nobis
2282 3723 2299 3749 ‚
2320 3686 2452 3749 quod
2474 3684 2683 3747 cogitat,

684 3769 875 3830 judicat
888 3804 906 3833 ‚
928 3773 1035 3821 vult
1049 3808 1065 3833 ‚
1088 3776 1183 3822 etc.
1205 3772 1261 3820 Id
1280 3784 1396 3820 vero
1419 3770 1472 3819 in
1493 3765 1717 3830 praesenti
1740 3764 1945 3825 sufficit3
1971 3776 2034 3811 cx
2053 3760 2149 3811 illis
2168 3760 2304 3810 enim
2323 3756 2689 3819 operationibus

679 3843 1127 3964 elemonstrabitur,
1166 3856 1384 3900 ammam
1418 3854 1523 3899 esse
1551 3840 1616 3896 ab
1638 3836 1902 3895 intrinseco
1923 3834 2129 3894 activam
2157 3835 2206 3891 et
2224 3831 2288 3884 ab
2308 3827 2446 3880 omni
2477 3824 2687 3883 materie

733 3915 973 3968 ism-etam.
1445 3925 1446 3928 ’
